<?xml version="1.0" encoding="UTF-8"?>
<!DOCTYPE html PUBLIC "-//W3C//DTD XHTML 1.0 Transitional//EN"
    "http://www.w3.org/TR/xhtml1/DTD/xhtml1-transitional.dtd">
<html xmlns="http://www.w3.org/1999/xhtml" xml:lang="en" lang="en">
 <head>
  <title>
</title>
<meta http-equiv="Content-Type" content="text/html;charset=utf-8" />
  <meta name='ocr-system' content='tesseract 3.04.00' />
  <meta name='ocr-capabilities' content='ocr_page ocr_carea ocr_par ocr_line ocrx_word'/>
</head>
<body>
  <div class='ocr_page' id='page_1' title='image "./deserapideetisi00ruscgoog_0087.png"; bbox 0 0 3334 5358; ppageno 0'>
   <div class='ocr_carea' id='block_1_1' title="bbox 826 507 1031 572">
    <p class='ocr_par' dir='ltr' id='par_1_1' title="bbox 826 507 1031 572">
     <span class='ocr_line' id='line_1_1' title="bbox 826 507 1031 572; baseline 0.015 -21"><span class='ocrx_word' id='word_1_1' title='bbox 826 507 1031 572; x_wconf 69' lang='lat'><strong>-80-</strong></span> 
     </span>
    </p>
   </div>
   <div class='ocr_carea' id='block_1_2' title="bbox 319 704 1539 4478">
    <p class='ocr_par' dir='ltr' id='par_1_2' title="bbox 323 704 1539 2202">
     <span class='ocr_line' id='line_1_2' title="bbox 326 704 1537 798; baseline 0 -28"><span class='ocrx_word' id='word_1_2' title='bbox 326 707 456 788; x_wconf 90' lang='lat' dir='ltr'>ubique</span> <span class='ocrx_word' id='word_1_3' title='bbox 485 706 522 769; x_wconf 92' lang='lat' dir='ltr'>in</span> <span class='ocrx_word' id='word_1_4' title='bbox 550 704 706 770; x_wconf 85' lang='lat' dir='ltr'>Graecia</span> <span class='ocrx_word' id='word_1_5' title='bbox 737 707 938 772; x_wconf 85' lang='lat' dir='ltr'>invenimus</span> <span class='ocrx_word' id='word_1_6' title='bbox 973 707 1191 790; x_wconf 86' lang='lat' dir='ltr'>comparatis</span> <span class='ocrx_word' id='word_1_7' title='bbox 1222 708 1330 772; x_wconf 89' lang='lat' dir='ltr'>rebus</span> <span class='ocrx_word' id='word_1_8' title='bbox 1364 708 1537 798; x_wconf 89' lang='lat' dir='ltr'>alicunde</span> 
     </span>
     <span class='ocr_line' id='line_1_3' title="bbox 326 813 1537 899; baseline 0.004 -22"><span class='ocrx_word' id='word_1_9' title='bbox 326 815 432 879; x_wconf 85' lang='lat' dir='ltr'>notIs:</span> <span class='ocrx_word' id='word_1_10' title='bbox 467 813 580 878; x_wconf 86' lang='lat' dir='ltr'>Osiris</span> <span class='ocrx_word' id='word_1_11' title='bbox 607 815 756 880; x_wconf 89' lang='lat' dir='ltr'>moritur</span> <span class='ocrx_word' id='word_1_12' title='bbox 778 816 831 898; x_wconf 64' lang='lat'>(2²),</span> <span class='ocrx_word' id='word_1_13' title='bbox 860 817 1016 898; x_wconf 87' lang='lat' dir='ltr'>lugetur;</span> <span class='ocrx_word' id='word_1_14' title='bbox 1049 817 1082 880; x_wconf 92' lang='lat' dir='ltr'>ei</span> <span class='ocrx_word' id='word_1_15' title='bbox 1109 823 1146 881; x_wconf 88' lang='lat' dir='ltr'>et</span> <span class='ocrx_word' id='word_1_16' title='bbox 1171 817 1353 899; x_wconf 83' lang='lat' dir='ltr'>Nephthyi</span> <span class='ocrx_word' id='word_1_17' title='bbox 1379 817 1537 882; x_wconf 87' lang='lat' dir='ltr'>inferiae</span> 
     </span>
     <span class='ocr_line' id='line_1_4' title="bbox 327 925 1539 1008; baseline -0.002 -18"><span class='ocrx_word' id='word_1_18' title='bbox 327 929 495 1006; x_wconf 88' lang='lat' dir='ltr'>aguntur;</span> <span class='ocrx_word' id='word_1_19' title='bbox 528 925 713 1007; x_wconf 90' lang='lat' dir='ltr'>quaeritur</span> <span class='ocrx_word' id='word_1_20' title='bbox 740 943 871 1008; x_wconf 90' lang='lat' dir='ltr'>corpus</span> <span class='ocrx_word' id='word_1_21' title='bbox 901 927 976 990; x_wconf 90' lang='lat' dir='ltr'>eius</span> <span class='ocrx_word' id='word_1_22' title='bbox 1003 927 1196 1008; x_wconf 82' lang='lat' dir='ltr'>magnam</span> <span class='ocrx_word' id='word_1_23' title='bbox 1222 943 1367 1008; x_wconf 90' lang='lat' dir='ltr'>pompa,</span> <span class='ocrx_word' id='word_1_24' title='bbox 1397 927 1432 988; x_wconf 93' lang='lat' dir='ltr'>in</span> <span class='ocrx_word' id='word_1_25' title='bbox 1460 943 1539 1007; x_wconf 90' lang='lat' dir='ltr'>qua</span> 
     </span>
     <span class='ocr_line' id='line_1_5' title="bbox 327 1033 1536 1116; baseline -0.001 -19"><span class='ocrx_word' id='word_1_26' title='bbox 327 1035 434 1097; x_wconf 89' lang='lat' dir='ltr'>etiam</span> <span class='ocrx_word' id='word_1_27' title='bbox 458 1034 594 1098; x_wconf 83' lang='lat' dir='ltr'>Anubis</span> <span class='ocrx_word' id='word_1_28' title='bbox 619 1038 655 1096; x_wconf 91' lang='lat' dir='ltr'>et</span> <span class='ocrx_word' id='word_1_29' title='bbox 676 1033 763 1116; x_wconf 87' lang='lat' dir='ltr'>Apis</span> <span class='ocrx_word' id='word_1_30' title='bbox 785 1035 971 1114; x_wconf 89' lang='lat' dir='ltr'>incedunt;</span> <span class='ocrx_word' id='word_1_31' title='bbox 1001 1042 1109 1116; x_wconf 89' lang='lat' dir='ltr'>atque</span> <span class='ocrx_word' id='word_1_32' title='bbox 1137 1033 1346 1099; x_wconf 80' lang='lat' dir='ltr'>sacerdotes</span> <span class='ocrx_word' id='word_1_33' title='bbox 1369 1034 1536 1115; x_wconf 90' lang='lat' dir='ltr'>(quorum</span> 
     </span>
     <span class='ocr_line' id='line_1_6' title="bbox 326 1140 1536 1228; baseline 0.001 -23"><span class='ocrx_word' id='word_1_34' title='bbox 326 1160 410 1222; x_wconf 92' lang='lat' dir='ltr'>pars</span> <span class='ocrx_word' id='word_1_35' title='bbox 439 1141 521 1205; x_wconf 92' lang='lat' dir='ltr'>Deli</span> <span class='ocrx_word' id='word_1_36' title='bbox 554 1147 677 1206; x_wconf 85' lang='lat' dir='ltr'>vestes</span> <span class='ocrx_word' id='word_1_37' title='bbox 711 1143 833 1225; x_wconf 89' lang='lat' dir='ltr'>nigras</span> <span class='ocrx_word' id='word_1_38' title='bbox 867 1143 991 1224; x_wconf 86' lang='lat' dir='ltr'>induit)</span> <span class='ocrx_word' id='word_1_39' title='bbox 1029 1161 1136 1208; x_wconf 88' lang='lat' dir='ltr'>saera</span> <span class='ocrx_word' id='word_1_40' title='bbox 1172 1144 1292 1207; x_wconf 89' lang='lat' dir='ltr'>ferunt</span> <span class='ocrx_word' id='word_1_41' title='bbox 1327 1140 1536 1228; x_wconf 70' lang='grc' dir='ltr'>(ἁγιαφόρος,</span> 
     </span>
     <span class='ocr_line' id='line_1_7' title="bbox 323 1248 1535 1336; baseline 0.001 -23"><span class='ocrx_word' id='word_1_42' title='bbox 323 1248 517 1335; x_wconf 73' lang='grc' dir='ltr'><strong><em>κανηφόρος,</em></strong></span> <span class='ocrx_word' id='word_1_43' title='bbox 539 1249 777 1336; x_wconf 80' lang='grc' dir='ltr'>παστοφόρος);</span> <span class='ocrx_word' id='word_1_44' title='bbox 809 1253 916 1315; x_wconf 71' lang='lat' dir='ltr'>etiaim</span> <span class='ocrx_word' id='word_1_45' title='bbox 944 1269 1009 1333; x_wconf 91' lang='lat' dir='ltr'>per</span> <span class='ocrx_word' id='word_1_46' title='bbox 1031 1255 1177 1316; x_wconf 90' lang='lat' dir='ltr'>noctem</span> <span class='ocrx_word' id='word_1_47' title='bbox 1199 1269 1330 1332; x_wconf 90' lang='lat' dir='ltr'>corpus</span> <span class='ocrx_word' id='word_1_48' title='bbox 1354 1256 1535 1332; x_wconf 90' lang='lat' dir='ltr'>quaerunt</span> 
     </span>
     <span class='ocr_line' id='line_1_8' title="bbox 324 1359 1533 1442; baseline -0.001 -19"><span class='ocrx_word' id='word_1_49' title='bbox 324 1360 371 1423; x_wconf 89' lang='lat' dir='ltr'>ad</span> <span class='ocrx_word' id='word_1_50' title='bbox 397 1360 625 1424; x_wconf 91' lang='lat' dir='ltr'>lucernarum</span> <span class='ocrx_word' id='word_1_51' title='bbox 655 1361 788 1424; x_wconf 92' lang='lat' dir='ltr'>lumina</span> <span class='ocrx_word' id='word_1_52' title='bbox 817 1361 994 1442; x_wconf 83' lang='lat' dir='ltr'>(Prienae‚</span> <span class='ocrx_word' id='word_1_53' title='bbox 1019 1361 1196 1439; x_wconf 87' lang='lat' dir='ltr'>Athenis);</span> <span class='ocrx_word' id='word_1_54' title='bbox 1227 1359 1303 1424; x_wconf 91' lang='lat' dir='ltr'>sine</span> <span class='ocrx_word' id='word_1_55' title='bbox 1333 1359 1439 1422; x_wconf 91' lang='lat' dir='ltr'>dubio</span> <span class='ocrx_word' id='word_1_56' title='bbox 1471 1359 1533 1423; x_wconf 90' lang='lat' dir='ltr'>de-</span> 
     </span>
     <span class='ocr_line' id='line_1_9' title="bbox 324 1465 1536 1554; baseline 0.002 -22"><span class='ocrx_word' id='word_1_57' title='bbox 324 1469 407 1532; x_wconf 92' lang='lat' dir='ltr'>inde</span> <span class='ocrx_word' id='word_1_58' title='bbox 432 1467 544 1533; x_wconf 87' lang='lat' dir='ltr'>Osiris</span> <span class='ocrx_word' id='word_1_59' title='bbox 571 1469 738 1533; x_wconf 88' lang='lat' dir='ltr'>inventus</span> <span class='ocrx_word' id='word_1_60' title='bbox 769 1473 825 1532; x_wconf 91' lang='lat' dir='ltr'>ost</span> <span class='ocrx_word' id='word_1_61' title='bbox 852 1475 889 1533; x_wconf 88' lang='lat' dir='ltr'>et</span> <span class='ocrx_word' id='word_1_62' title='bbox 916 1470 1074 1533; x_wconf 88' lang='lat' dir='ltr'>clamore</span> <span class='ocrx_word' id='word_1_63' title='bbox 1103 1465 1289 1552; x_wconf 66' lang='grc' dir='ltr'><strong><em>εὑρήκαμεν,</em></strong></span> <span class='ocrx_word' id='word_1_64' title='bbox 1318 1473 1536 1554; x_wconf 77' lang='grc' dir='ltr'><strong><em>συγχαίρομεν</em></strong></span> 
     </span>
     <span class='ocr_line' id='line_1_10' title="bbox 325 1576 1535 1660; baseline 0.001 -19"><span class='ocrx_word' id='word_1_65' title='bbox 325 1579 509 1642; x_wconf 87' lang='lat' dir='ltr'>salutatus.</span> <span class='ocrx_word' id='word_1_66' title='bbox 544 1576 614 1641; x_wconf 88' lang='lat' dir='ltr'>Sed</span> <span class='ocrx_word' id='word_1_67' title='bbox 637 1577 807 1659; x_wconf 89' lang='lat' dir='ltr'>praedico</span> <span class='ocrx_word' id='word_1_68' title='bbox 828 1595 885 1641; x_wconf 91' lang='lat' dir='ltr'>me</span> <span class='ocrx_word' id='word_1_69' title='bbox 901 1577 947 1641; x_wconf 90' lang='lat' dir='ltr'>ad</span> <span class='ocrx_word' id='word_1_70' title='bbox 962 1577 1143 1641; x_wconf 81' lang='lat' dir='ltr'>libidinem</span> <span class='ocrx_word' id='word_1_71' title='bbox 1166 1578 1260 1642; x_wconf 90' lang='lat' dir='ltr'>haec</span> <span class='ocrx_word' id='word_1_72' title='bbox 1284 1579 1535 1660; x_wconf 81' lang='lat' dir='ltr'>composuisse</span> 
     </span>
     <span class='ocr_line' id='line_1_11' title="bbox 324 1685 1535 1768; baseline -0.002 -18"><span class='ocrx_word' id='word_1_73' title='bbox 324 1704 369 1750; x_wconf 91' lang='lat' dir='ltr'>ac</span> <span class='ocrx_word' id='word_1_74' title='bbox 392 1687 480 1750; x_wconf 93' lang='lat' dir='ltr'>locis</span> <span class='ocrx_word' id='word_1_75' title='bbox 505 1690 541 1749; x_wconf 90' lang='lat' dir='ltr'>et</span> <span class='ocrx_word' id='word_1_76' title='bbox 563 1686 782 1767; x_wconf 86' lang='lat' dir='ltr'>temporibus</span> <span class='ocrx_word' id='word_1_77' title='bbox 805 1686 991 1768; x_wconf 89' lang='lat' dir='ltr'>neglectis.</span> <span class='ocrx_word' id='word_1_78' title='bbox 1034 1685 1087 1749; x_wconf 81' lang='lat' dir='ltr'>Ea</span> <span class='ocrx_word' id='word_1_79' title='bbox 1114 1692 1234 1749; x_wconf 89' lang='lat' dir='ltr'>autem</span> <span class='ocrx_word' id='word_1_80' title='bbox 1256 1687 1426 1750; x_wconf 85' lang='lat' dir='ltr'>momenti</span> <span class='ocrx_word' id='word_1_81' title='bbox 1450 1704 1535 1750; x_wconf 92' lang='lat' dir='ltr'>esse</span> 
     </span>
     <span class='ocr_line' id='line_1_12' title="bbox 324 1791 1535 1876; baseline 0.002 -20"><span class='ocrx_word' id='word_1_82' title='bbox 324 1795 475 1859; x_wconf 79' lang='lat' dir='ltr'>Athenis</span> <span class='ocrx_word' id='word_1_83' title='bbox 508 1795 679 1873; x_wconf 85' lang='lat' dir='ltr'>vidimus,</span> <span class='ocrx_word' id='word_1_84' title='bbox 717 1794 777 1858; x_wconf 92' lang='lat' dir='ltr'>ubi</span> <span class='ocrx_word' id='word_1_85' title='bbox 811 1811 932 1874; x_wconf 90' lang='lat' dir='ltr'>sacra,</span> <span class='ocrx_word' id='word_1_86' title='bbox 966 1812 1057 1876; x_wconf 89' lang='lat' dir='ltr'>quae</span> <span class='ocrx_word' id='word_1_87' title='bbox 1092 1791 1222 1858; x_wconf 92' lang='lat' dir='ltr'>Osiridi</span> <span class='ocrx_word' id='word_1_88' title='bbox 1255 1805 1394 1858; x_wconf 88' lang='lat' dir='ltr'>mortuo</span> <span class='ocrx_word' id='word_1_89' title='bbox 1428 1812 1535 1876; x_wconf 89' lang='lat' dir='ltr'>prae-</span> 
     </span>
     <span class='ocr_line' id='line_1_13' title="bbox 323 1902 1535 1985; baseline 0.002 -19"><span class='ocrx_word' id='word_1_90' title='bbox 323 1904 453 1966; x_wconf 91' lang='lat' dir='ltr'>bentur</span> <span class='ocrx_word' id='word_1_91' title='bbox 482 1903 507 1966; x_wconf 95' lang='grc' dir='ltr'>Ι.</span> <span class='ocrx_word' id='word_1_92' title='bbox 532 1921 558 1967; x_wconf 93' lang='lat' dir='ltr'>s.</span> <span class='ocrx_word' id='word_1_93' title='bbox 582 1921 614 1984; x_wconf 92' lang='lat' dir='ltr'>p.</span> <span class='ocrx_word' id='word_1_94' title='bbox 638 1902 719 1967; x_wconf 88' lang='lat' dir='ltr'>Chr.</span> <span class='ocrx_word' id='word_1_95' title='bbox 744 1921 776 1966; x_wconf 89' lang='lat' dir='ltr'>n.</span> <span class='ocrx_word' id='word_1_96' title='bbox 806 1903 1053 1984; x_wconf 84' lang='lat' dir='ltr'>instituuntur,</span> <span class='ocrx_word' id='word_1_97' title='bbox 1083 1904 1279 1985; x_wconf 80' lang='lat' dir='ltr'>oenophori</span> <span class='ocrx_word' id='word_1_98' title='bbox 1309 1909 1430 1969; x_wconf 87' lang='lat' dir='ltr'>autern</span> <span class='ocrx_word' id='word_1_99' title='bbox 1459 1905 1535 1968; x_wconf 88' lang='lat' dir='ltr'>lam</span> 
     </span>
     <span class='ocr_line' id='line_1_14' title="bbox 323 2010 1535 2094; baseline 0.002 -20"><span class='ocrx_word' id='word_1_100' title='bbox 323 2011 382 2075; x_wconf 92' lang='lat' dir='ltr'>III.</span> <span class='ocrx_word' id='word_1_101' title='bbox 407 2030 433 2075; x_wconf 93' lang='lat' dir='ltr'>s.</span> <span class='ocrx_word' id='word_1_102' title='bbox 458 2031 489 2074; x_wconf 90' lang='lat' dir='ltr'>a.</span> <span class='ocrx_word' id='word_1_103' title='bbox 513 2010 594 2075; x_wconf 85' lang='lat' dir='ltr'>Chr.</span> <span class='ocrx_word' id='word_1_104' title='bbox 619 2030 651 2074; x_wconf 91' lang='lat' dir='ltr'>n.</span> <span class='ocrx_word' id='word_1_105' title='bbox 683 2013 817 2075; x_wconf 86' lang='lat' dir='ltr'>extant.</span> <span class='ocrx_word' id='word_1_106' title='bbox 869 2010 956 2074; x_wconf 85' lang='lat' dir='ltr'>DIes</span> <span class='ocrx_word' id='word_1_107' title='bbox 990 2011 1103 2076; x_wconf 87' lang='lat' dir='ltr'>festus</span> <span class='ocrx_word' id='word_1_108' title='bbox 1136 2012 1246 2094; x_wconf 87' lang='lat' dir='ltr'>igitur</span> <span class='ocrx_word' id='word_1_109' title='bbox 1277 2013 1450 2093; x_wconf 89' lang='lat' dir='ltr'>paulatim</span> <span class='ocrx_word' id='word_1_110' title='bbox 1485 2014 1535 2078; x_wconf 91' lang='lat' dir='ltr'>ad</span> 
     </span>
     <span class='ocr_line' id='line_1_15' title="bbox 324 2120 1180 2202; baseline 0 -18"><span class='ocrx_word' id='word_1_111' title='bbox 324 2122 430 2186; x_wconf 88' lang='lat' dir='ltr'>ritum</span> <span class='ocrx_word' id='word_1_112' title='bbox 454 2139 541 2185; x_wconf 90' lang='lat' dir='ltr'>vere</span> <span class='ocrx_word' id='word_1_113' title='bbox 564 2120 780 2202; x_wconf 85' lang='lat' dir='ltr'>Aegyptium</span> <span class='ocrx_word' id='word_1_114' title='bbox 803 2120 1006 2184; x_wconf 84' lang='lat' dir='ltr'>accessisse</span> <span class='ocrx_word' id='word_1_115' title='bbox 1028 2120 1180 2184; x_wconf 89' lang='lat' dir='ltr'>videtur.</span> 
     </span>
    </p>

    <p class='ocr_par' dir='ltr' id='par_1_3' title="bbox 321 2227 1536 3284">
     <span class='ocr_line' id='line_1_16' title="bbox 424 2227 1533 2312; baseline -0.002 -18"><span class='ocrx_word' id='word_1_116' title='bbox 424 2229 613 2310; x_wconf 86' lang='lat' dir='ltr'>Navigium</span> <span class='ocrx_word' id='word_1_117' title='bbox 635 2227 740 2292; x_wconf 91' lang='lat' dir='ltr'>Isidis</span> <span class='ocrx_word' id='word_1_118' title='bbox 764 2228 935 2292; x_wconf 80' lang='lat' dir='ltr'>describit</span> <span class='ocrx_word' id='word_1_119' title='bbox 957 2229 1127 2310; x_wconf 89' lang='lat' dir='ltr'>Apuleius</span> <span class='ocrx_word' id='word_1_120' title='bbox 1152 2231 1246 2302; x_wconf 90' lang='lat' dir='ltr'>(met.</span> <span class='ocrx_word' id='word_1_121' title='bbox 1263 2229 1324 2303; x_wconf 87' lang='lat' dir='ltr'>XI,</span> <span class='ocrx_word' id='word_1_122' title='bbox 1341 2227 1423 2292; x_wconf 91' lang='lat' dir='ltr'>VIII</span> <span class='ocrx_word' id='word_1_123' title='bbox 1439 2231 1533 2312; x_wconf 90' lang='lat' dir='ltr'>sqq.)</span> 
     </span>
     <span class='ocr_line' id='line_1_17' title="bbox 324 2335 1535 2402; baseline -0.002 0"><span class='ocrx_word' id='word_1_124' title='bbox 324 2337 482 2402; x_wconf 84' lang='lat' dir='ltr'>Corinthi</span> <span class='ocrx_word' id='word_1_125' title='bbox 512 2343 643 2400; x_wconf 90' lang='lat' dir='ltr'>actum.</span> <span class='ocrx_word' id='word_1_126' title='bbox 689 2335 760 2400; x_wconf 85' lang='lat' dir='ltr'>Sed</span> <span class='ocrx_word' id='word_1_127' title='bbox 789 2337 859 2399; x_wconf 89' lang='lat' dir='ltr'>iam</span> <span class='ocrx_word' id='word_1_128' title='bbox 889 2335 1041 2400; x_wconf 88' lang='lat' dir='ltr'>diximus</span> <span class='ocrx_word' id='word_1_129' title='bbox 1071 2337 1105 2400; x_wconf 94' lang='lat' dir='ltr'>id</span> <span class='ocrx_word' id='word_1_130' title='bbox 1135 2355 1207 2401; x_wconf 91' lang='lat' dir='ltr'>non</span> <span class='ocrx_word' id='word_1_131' title='bbox 1237 2337 1446 2401; x_wconf 90' lang='lat' dir='ltr'>necessario</span> <span class='ocrx_word' id='word_1_132' title='bbox 1480 2339 1535 2402; x_wconf 90' lang='lat' dir='ltr'>ita</span> 
     </span>
     <span class='ocr_line' id='line_1_18' title="bbox 324 2444 1535 2526; baseline 0 -16"><span class='ocrx_word' id='word_1_133' title='bbox 324 2446 483 2510; x_wconf 84' lang='lat' dir='ltr'>Corinthi</span> <span class='ocrx_word' id='word_1_134' title='bbox 511 2449 631 2509; x_wconf 89' lang='lat' dir='ltr'>actum</span> <span class='ocrx_word' id='word_1_135' title='bbox 660 2462 741 2508; x_wconf 88' lang='lat' dir='ltr'>esse</span> <span class='ocrx_word' id='word_1_136' title='bbox 775 2444 839 2508; x_wconf 91' lang='lat' dir='ltr'>sed</span> <span class='ocrx_word' id='word_1_137' title='bbox 868 2462 934 2526; x_wconf 94' lang='lat' dir='ltr'>per</span> <span class='ocrx_word' id='word_1_138' title='bbox 957 2448 1068 2510; x_wconf 91' lang='lat' dir='ltr'>totam</span> <span class='ocrx_word' id='word_1_139' title='bbox 1092 2445 1284 2509; x_wconf 76' lang='lat' dir='ltr'>Graeciam</span> <span class='ocrx_word' id='word_1_140' title='bbox 1308 2445 1535 2512; x_wconf 89' lang='lat' dir='ltr'>celebratum</span> 
     </span>
     <span class='ocr_line' id='line_1_19' title="bbox 323 2553 1536 2636; baseline 0.001 -17"><span class='ocrx_word' id='word_1_141' title='bbox 323 2573 403 2619; x_wconf 90' lang='lat' dir='ltr'>osse</span> <span class='ocrx_word' id='word_1_142' title='bbox 431 2572 549 2636; x_wconf 90' lang='lat' dir='ltr'>posse.</span> <span class='ocrx_word' id='word_1_143' title='bbox 593 2554 789 2618; x_wconf 88' lang='lat' dir='ltr'>Praeterea</span> <span class='ocrx_word' id='word_1_144' title='bbox 810 2553 995 2634; x_wconf 89' lang='lat' dir='ltr'>Apuleius,</span> <span class='ocrx_word' id='word_1_145' title='bbox 1023 2571 1238 2634; x_wconf 88' lang='lat' dir='ltr'>quamquam</span> <span class='ocrx_word' id='word_1_146' title='bbox 1260 2553 1329 2617; x_wconf 91' lang='lat' dir='ltr'>hoc</span> <span class='ocrx_word' id='word_1_147' title='bbox 1352 2553 1430 2636; x_wconf 91' lang='lat' dir='ltr'>ipse</span> <span class='ocrx_word' id='word_1_148' title='bbox 1454 2572 1536 2620; x_wconf 90' lang='lat' dir='ltr'>nar·</span> 
     </span>
     <span class='ocr_line' id='line_1_20' title="bbox 322 2661 1534 2743; baseline -0.001 -15"><span class='ocrx_word' id='word_1_149' title='bbox 322 2663 453 2728; x_wconf 92' lang='lat' dir='ltr'>rationi</span> <span class='ocrx_word' id='word_1_150' title='bbox 480 2662 655 2741; x_wconf 82' lang='lat' dir='ltr'>adiunxit,</span> <span class='ocrx_word' id='word_1_151' title='bbox 690 2661 822 2743; x_wconf 88' lang='lat' dir='ltr'>optime</span> <span class='ocrx_word' id='word_1_152' title='bbox 856 2662 1014 2743; x_wconf 86' lang='lat' dir='ltr'>singulas</span> <span class='ocrx_word' id='word_1_153' title='bbox 1041 2679 1099 2725; x_wconf 93' lang='lat' dir='ltr'>res</span> <span class='ocrx_word' id='word_1_154' title='bbox 1123 2661 1256 2726; x_wconf 89' lang='lat' dir='ltr'>Romae</span> <span class='ocrx_word' id='word_1_155' title='bbox 1280 2665 1383 2726; x_wconf 89' lang='lat' dir='ltr'>actas</span> <span class='ocrx_word' id='word_1_156' title='bbox 1406 2679 1450 2726; x_wconf 90' lang='lat' dir='ltr'>eo</span> <span class='ocrx_word' id='word_1_157' title='bbox 1474 2664 1534 2728; x_wconf 91' lang='lat' dir='ltr'>de-</span> 
     </span>
     <span class='ocr_line' id='line_1_21' title="bbox 322 2769 1532 2853; baseline -0.001 -16"><span class='ocrx_word' id='word_1_158' title='bbox 322 2773 446 2837; x_wconf 90' lang='lat' dir='ltr'>tulisse</span> <span class='ocrx_word' id='word_1_159' title='bbox 476 2774 608 2853; x_wconf 90' lang='lat' dir='ltr'>potest;</span> <span class='ocrx_word' id='word_1_160' title='bbox 642 2787 724 2834; x_wconf 89' lang='lat' dir='ltr'>cum</span> <span class='ocrx_word' id='word_1_161' title='bbox 756 2769 864 2852; x_wconf 87' lang='lat' dir='ltr'>igitur</span> <span class='ocrx_word' id='word_1_162' title='bbox 896 2788 967 2833; x_wconf 93' lang='lat' dir='ltr'>non</span> <span class='ocrx_word' id='word_1_163' title='bbox 999 2769 1069 2833; x_wconf 87' lang='lat' dir='ltr'>nisi</span> <span class='ocrx_word' id='word_1_164' title='bbox 1102 2771 1199 2833; x_wconf 89' lang='lat' dir='ltr'>cultu</span> <span class='ocrx_word' id='word_1_165' title='bbox 1226 2769 1385 2834; x_wconf 91' lang='lat' dir='ltr'>Romano</span> <span class='ocrx_word' id='word_1_166' title='bbox 1420 2775 1532 2836; x_wconf 88' lang='lat' dir='ltr'>antea</span> 
     </span>
     <span class='ocr_line' id='line_1_22' title="bbox 322 2877 1534 2963; baseline -0.004 -16"><span class='ocrx_word' id='word_1_167' title='bbox 322 2882 509 2963; x_wconf 82' lang='lat' dir='ltr'>explorato</span> <span class='ocrx_word' id='word_1_168' title='bbox 544 2878 700 2942; x_wconf 89' lang='lat' dir='ltr'>describi</span> <span class='ocrx_word' id='word_1_169' title='bbox 733 2879 858 2959; x_wconf 68' lang='lat' dir='ltr'>possm,</span> <span class='ocrx_word' id='word_1_170' title='bbox 892 2877 951 2942; x_wconf 88' lang='lat' dir='ltr'>hie</span> <span class='ocrx_word' id='word_1_171' title='bbox 978 2878 1063 2941; x_wconf 93' lang='lat' dir='ltr'>illud</span> <span class='ocrx_word' id='word_1_172' title='bbox 1090 2879 1296 2942; x_wconf 84' lang='lat' dir='ltr'>accuratius</span> <span class='ocrx_word' id='word_1_173' title='bbox 1326 2897 1398 2943; x_wconf 90' lang='lat' dir='ltr'>non</span> <span class='ocrx_word' id='word_1_174' title='bbox 1420 2879 1534 2944; x_wconf 92' lang='lat' dir='ltr'>inter-</span> 
     </span>
     <span class='ocr_line' id='line_1_23' title="bbox 322 2985 1534 3070; baseline -0.002 -16"><span class='ocrx_word' id='word_1_175' title='bbox 322 2994 453 3070; x_wconf 88' lang='lat' dir='ltr'>pretor.</span> <span class='ocrx_word' id='word_1_176' title='bbox 498 2987 672 3052; x_wconf 87' lang='lat' dir='ltr'>Solemnis</span> <span class='ocrx_word' id='word_1_177' title='bbox 695 3003 827 3068; x_wconf 91' lang='lat' dir='ltr'>pompa</span> <span class='ocrx_word' id='word_1_178' title='bbox 849 2985 995 3050; x_wconf 90' lang='lat' dir='ltr'>numina</span> <span class='ocrx_word' id='word_1_179' title='bbox 1024 2985 1070 3048; x_wconf 91' lang='lat' dir='ltr'>ad</span> <span class='ocrx_word' id='word_1_180' title='bbox 1102 3003 1201 3050; x_wconf 90' lang='lat' dir='ltr'>mare</span> <span class='ocrx_word' id='word_1_181' title='bbox 1235 2986 1436 3068; x_wconf 79' lang='lat' dir='ltr'>comitatur,</span> <span class='ocrx_word' id='word_1_182' title='bbox 1470 2988 1534 3052; x_wconf 93' lang='lat' dir='ltr'>ubi</span> 
     </span>
     <span class='ocr_line' id='line_1_24' title="bbox 321 3093 1534 3175; baseline -0.002 -13"><span class='ocrx_word' id='word_1_183' title='bbox 321 3099 425 3164; x_wconf 85' lang='lat' dir='ltr'>navis</span> <span class='ocrx_word' id='word_1_184' title='bbox 462 3096 628 3160; x_wconf 87' lang='lat' dir='ltr'>fiuctibus</span> <span class='ocrx_word' id='word_1_185' title='bbox 665 3094 865 3158; x_wconf 89' lang='lat' dir='ltr'>mandatur.</span> <span class='ocrx_word' id='word_1_186' title='bbox 920 3094 1054 3175; x_wconf 90' lang='lat' dir='ltr'>Pompa</span> <span class='ocrx_word' id='word_1_187' title='bbox 1091 3093 1136 3156; x_wconf 89' lang='lat' dir='ltr'>ad</span> <span class='ocrx_word' id='word_1_188' title='bbox 1170 3095 1342 3175; x_wconf 91' lang='lat' dir='ltr'>templum</span> <span class='ocrx_word' id='word_1_189' title='bbox 1378 3112 1534 3160; x_wconf 89' lang='lat' dir='ltr'>reversa</span> 
     </span>
     <span class='ocr_line' id='line_1_25' title="bbox 322 3201 1058 3284; baseline -0.01 -13"><span class='ocrx_word' id='word_1_190' title='bbox 322 3206 494 3271; x_wconf 86' lang='lat' dir='ltr'>sacerdos</span> <span class='ocrx_word' id='word_1_191' title='bbox 518 3204 696 3268; x_wconf 86' lang='lat' dir='ltr'>solemnes</span> <span class='ocrx_word' id='word_1_192' title='bbox 720 3219 849 3283; x_wconf 90' lang='lat' dir='ltr'>preces</span> <span class='ocrx_word' id='word_1_193' title='bbox 872 3201 1058 3284; x_wconf 88' lang='lat' dir='ltr'>praelegit.</span> 
     </span>
    </p>

    <p class='ocr_par' dir='ltr' id='par_1_4' title="bbox 319 3307 1534 4134">
     <span class='ocr_line' id='line_1_26' title="bbox 421 3307 1533 3392; baseline 0.001 -15"><span class='ocrx_word' id='word_1_194' title='bbox 421 3314 615 3377; x_wconf 88' lang='lat' dir='ltr'>Praeterea</span> <span class='ocrx_word' id='word_1_195' title='bbox 629 3311 820 3375; x_wconf 83' lang='lat' dir='ltr'>Tithoreae</span> <span class='ocrx_word' id='word_1_196' title='bbox 842 3309 886 3373; x_wconf 95' lang='grc' dir='ltr'>ΙΙ.</span> <span class='ocrx_word' id='word_1_197' title='bbox 902 3329 928 3373; x_wconf 89' lang='lat' dir='ltr'>s.</span> <span class='ocrx_word' id='word_1_198' title='bbox 945 3329 978 3392; x_wconf 90' lang='lat' dir='ltr'>p.</span> <span class='ocrx_word' id='word_1_199' title='bbox 996 3307 1075 3374; x_wconf 92' lang='lat' dir='ltr'>Chr.</span> <span class='ocrx_word' id='word_1_200' title='bbox 1092 3329 1125 3373; x_wconf 92' lang='lat' dir='ltr'>n.</span> <span class='ocrx_word' id='word_1_201' title='bbox 1149 3315 1184 3372; x_wconf 91' lang='lat' dir='ltr'>et</span> <span class='ocrx_word' id='word_1_202' title='bbox 1204 3327 1291 3374; x_wconf 91' lang='lat' dir='ltr'>vere</span> <span class='ocrx_word' id='word_1_203' title='bbox 1308 3315 1344 3374; x_wconf 94' lang='lat' dir='ltr'>et</span> <span class='ocrx_word' id='word_1_204' title='bbox 1360 3317 1533 3378; x_wconf 90' lang='lat' dir='ltr'>autumno</span> 
     </span>
     <span class='ocr_line' id='line_1_27' title="bbox 322 3419 1532 3499; baseline 0 -13"><span class='ocrx_word' id='word_1_205' title='bbox 322 3423 398 3486; x_wconf 90' lang='lat' dir='ltr'>dies</span> <span class='ocrx_word' id='word_1_206' title='bbox 435 3420 519 3484; x_wconf 84' lang='lat' dir='ltr'>festi</span> <span class='ocrx_word' id='word_1_207' title='bbox 556 3420 659 3484; x_wconf 93' lang='lat' dir='ltr'>Isidis</span> <span class='ocrx_word' id='word_1_208' title='bbox 702 3419 988 3484; x_wconf 87' lang='lat' dir='ltr'>celebrabantur.</span> <span class='ocrx_word' id='word_1_209' title='bbox 1047 3419 1276 3499; x_wconf 88' lang='lat' dir='ltr'>Methymnae</span> <span class='ocrx_word' id='word_1_210' title='bbox 1318 3421 1457 3484; x_wconf 89' lang='lat' dir='ltr'>maiora</span> <span class='ocrx_word' id='word_1_211' title='bbox 1495 3429 1532 3486; x_wconf 90' lang='lat' dir='ltr'>et</span> 
     </span>
     <span class='ocr_line' id='line_1_28' title="bbox 320 3527 1532 3610; baseline 0 -16"><span class='ocrx_word' id='word_1_212' title='bbox 320 3531 459 3594; x_wconf 91' lang='lat' dir='ltr'>minora</span> <span class='ocrx_word' id='word_1_213' title='bbox 495 3527 667 3610; x_wconf 87' lang='lat' dir='ltr'>Serapiea</span> <span class='ocrx_word' id='word_1_214' title='bbox 707 3527 877 3590; x_wconf 90' lang='lat' dir='ltr'>distincta</span> <span class='ocrx_word' id='word_1_215' title='bbox 918 3531 1029 3592; x_wconf 90' lang='lat' dir='ltr'>erant.</span> <span class='ocrx_word' id='word_1_216' title='bbox 1089 3527 1329 3592; x_wconf 84' lang='lat' dir='ltr'>InItiationem</span> <span class='ocrx_word' id='word_1_217' title='bbox 1367 3528 1532 3595; x_wconf 86' lang='lat' dir='ltr'>Corinthi</span> 
     </span>
     <span class='ocr_line' id='line_1_29' title="bbox 321 3634 1534 3717; baseline -0.002 -14"><span class='ocrx_word' id='word_1_218' title='bbox 321 3640 541 3703; x_wconf 86' lang='lat' dir='ltr'>celebratam</span> <span class='ocrx_word' id='word_1_219' title='bbox 565 3636 735 3717; x_wconf 91' lang='lat' dir='ltr'>Apuleius</span> <span class='ocrx_word' id='word_1_220' title='bbox 759 3635 948 3716; x_wconf 85' lang='lat' dir='ltr'>diligenter</span> <span class='ocrx_word' id='word_1_221' title='bbox 969 3640 1103 3713; x_wconf 85' lang='lat' dir='ltr'>narrat,</span> <span class='ocrx_word' id='word_1_222' title='bbox 1130 3634 1174 3698; x_wconf 92' lang='lat' dir='ltr'>de</span> <span class='ocrx_word' id='word_1_223' title='bbox 1200 3653 1271 3716; x_wconf 91' lang='lat' dir='ltr'>qua</span> <span class='ocrx_word' id='word_1_224' title='bbox 1292 3636 1385 3699; x_wconf 92' lang='lat' dir='ltr'>idem</span> <span class='ocrx_word' id='word_1_225' title='bbox 1411 3637 1534 3701; x_wconf 85' lang='lat' dir='ltr'>dicen-</span> 
     </span>
     <span class='ocr_line' id='line_1_30' title="bbox 321 3743 1534 3826; baseline 0 -15"><span class='ocrx_word' id='word_1_226' title='bbox 321 3748 403 3811; x_wconf 93' lang='lat' dir='ltr'>dum</span> <span class='ocrx_word' id='word_1_227' title='bbox 431 3749 486 3810; x_wconf 89' lang='lat' dir='ltr'>est</span> <span class='ocrx_word' id='word_1_228' title='bbox 515 3745 608 3826; x_wconf 92' lang='lat' dir='ltr'>quod</span> <span class='ocrx_word' id='word_1_229' title='bbox 637 3745 680 3807; x_wconf 93' lang='lat' dir='ltr'>de</span> <span class='ocrx_word' id='word_1_230' title='bbox 708 3743 862 3826; x_wconf 91' lang='lat' dir='ltr'>navigio.</span> <span class='ocrx_word' id='word_1_231' title='bbox 906 3743 1061 3806; x_wconf 90' lang='lat' dir='ltr'>initiatio</span> <span class='ocrx_word' id='word_1_232' title='bbox 1089 3749 1209 3806; x_wconf 85' lang='lat' dir='ltr'>autem</span> <span class='ocrx_word' id='word_1_233' title='bbox 1232 3743 1277 3806; x_wconf 91' lang='lat' dir='ltr'>ab</span> <span class='ocrx_word' id='word_1_234' title='bbox 1300 3743 1534 3811; x_wconf 87' lang='lat' dir='ltr'>Eleusiniaca</span> 
     </span>
     <span class='ocr_line' id='line_1_31' title="bbox 321 3851 1534 3936; baseline 0.002 -19"><span class='ocrx_word' id='word_1_235' title='bbox 321 3854 450 3927; x_wconf 85' lang='lat' dir='ltr'>differt,</span> <span class='ocrx_word' id='word_1_236' title='bbox 467 3853 560 3934; x_wconf 91' lang='lat' dir='ltr'>quod</span> <span class='ocrx_word' id='word_1_237' title='bbox 577 3853 749 3916; x_wconf 86' lang='lat' dir='ltr'>sacerdos</span> <span class='ocrx_word' id='word_1_238' title='bbox 765 3853 922 3934; x_wconf 87' lang='lat' dir='ltr'>singulos</span> <span class='ocrx_word' id='word_1_239' title='bbox 938 3852 1063 3931; x_wconf 76' lang='lat' dir='ltr'>Initiat</span> <span class='ocrx_word' id='word_1_240' title='bbox 1085 3851 1144 3932; x_wconf 90' lang='lat' dir='ltr'>qui</span> <span class='ocrx_word' id='word_1_241' title='bbox 1159 3852 1229 3933; x_wconf 92' lang='lat' dir='ltr'>ipsi</span> <span class='ocrx_word' id='word_1_242' title='bbox 1245 3870 1386 3934; x_wconf 92' lang='lat' dir='ltr'>quoque</span> <span class='ocrx_word' id='word_1_243' title='bbox 1401 3859 1534 3936; x_wconf 90' lang='lat' dir='ltr'>postea</span> 
     </span>
     <span class='ocr_line' id='line_1_32' title="bbox 320 3959 1531 4044; baseline 0.002 -18"><span class='ocrx_word' id='word_1_244' title='bbox 320 3962 529 4026; x_wconf 88' lang='lat' dir='ltr'>sacerdotes</span> <span class='ocrx_word' id='word_1_245' title='bbox 558 3961 634 4024; x_wconf 88' lang='lat' dir='ltr'>fieri</span> <span class='ocrx_word' id='word_1_246' title='bbox 665 3960 841 4024; x_wconf 89' lang='lat' dir='ltr'>videntur.</span> <span class='ocrx_word' id='word_1_247' title='bbox 892 3959 1111 4024; x_wconf 91' lang='lat' dir='ltr'>Monstratur</span> <span class='ocrx_word' id='word_1_248' title='bbox 1142 3961 1314 4025; x_wconf 89' lang='lat' dir='ltr'>initiando</span> <span class='ocrx_word' id='word_1_249' title='bbox 1348 3963 1402 4026; x_wconf 92' lang='lat' dir='ltr'>sol</span> <span class='ocrx_word' id='word_1_250' title='bbox 1433 3966 1531 4044; x_wconf 90' lang='lat' dir='ltr'>apud</span> 
     </span>
     <span class='ocr_line' id='line_1_33' title="bbox 319 4064 972 4134; baseline -0.005 0"><span class='ocrx_word' id='word_1_251' title='bbox 319 4070 453 4134; x_wconf 82' lang='lat' dir='ltr'>Inferos</span> <span class='ocrx_word' id='word_1_252' title='bbox 476 4069 596 4133; x_wconf 90' lang='lat' dir='ltr'>media</span> <span class='ocrx_word' id='word_1_253' title='bbox 617 4073 723 4132; x_wconf 89' lang='lat' dir='ltr'>nocte</span> <span class='ocrx_word' id='word_1_254' title='bbox 747 4085 952 4132; x_wconf 90' lang='lat' dir='ltr'>coruscans.</span> <span class='ocrx_word' id='word_1_255' title='bbox 970 4064 972 4070; x_wconf 76' lang='grc'>’</span> 
     </span>
    </p>

    <p class='ocr_par' dir='ltr' id='par_1_5' title="bbox 320 4174 1531 4478">
     <span class='ocr_line' id='line_1_34' title="bbox 420 4174 1531 4262; baseline 0.005 -21"><span class='ocrx_word' id='word_1_256' title='bbox 420 4178 448 4242; x_wconf 85' lang='grc' dir='ltr'>Ε</span> <span class='ocrx_word' id='word_1_257' title='bbox 470 4176 719 4242; x_wconf 86' lang='lat' dir='ltr'>sacerdotibus</span> <span class='ocrx_word' id='word_1_258' title='bbox 747 4176 857 4240; x_wconf 91' lang='lat' dir='ltr'>cultui</span> <span class='ocrx_word' id='word_1_259' title='bbox 883 4182 1029 4258; x_wconf 88' lang='lat' dir='ltr'>praeest</span> <span class='ocrx_word' id='word_1_260' title='bbox 1055 4174 1169 4262; x_wconf 71' lang='grc' dir='ltr'>ἱερεύς,</span> <span class='ocrx_word' id='word_1_261' title='bbox 1196 4179 1255 4260; x_wconf 93' lang='lat' dir='ltr'>qui</span> <span class='ocrx_word' id='word_1_262' title='bbox 1282 4197 1427 4262; x_wconf 90' lang='lat' dir='ltr'>semper</span> <span class='ocrx_word' id='word_1_263' title='bbox 1452 4181 1531 4246; x_wconf 84' lang='lat' dir='ltr'>fere</span> 
     </span>
     <span class='ocr_line' id='line_1_35' title="bbox 320 4285 1531 4369; baseline 0.005 -19"><span class='ocrx_word' id='word_1_264' title='bbox 320 4305 458 4352; x_wconf 89' lang='lat' dir='ltr'>annuus</span> <span class='ocrx_word' id='word_1_265' title='bbox 496 4289 616 4350; x_wconf 88' lang='lat' dir='ltr'>estet</span> <span class='ocrx_word' id='word_1_266' title='bbox 653 4302 757 4366; x_wconf 90' lang='lat' dir='ltr'>quem</span> <span class='ocrx_word' id='word_1_267' title='bbox 785 4285 1012 4349; x_wconf 90' lang='lat' dir='ltr'>sacerdotem</span> <span class='ocrx_word' id='word_1_268' title='bbox 1046 4304 1262 4368; x_wconf 86' lang='lat' dir='ltr'>eponymum</span> <span class='ocrx_word' id='word_1_269' title='bbox 1287 4289 1420 4369; x_wconf 89' lang='lat' dir='ltr'>optime</span> <span class='ocrx_word' id='word_1_270' title='bbox 1448 4289 1531 4356; x_wconf 90' lang='lat' dir='ltr'>Deli</span> 
     </span>
     <span class='ocr_line' id='line_1_36' title="bbox 320 4393 1530 4478; baseline 0.001 -17"><span class='ocrx_word' id='word_1_271' title='bbox 320 4396 563 4478; x_wconf 84' lang='lat' dir='ltr'>eognovimus.</span> <span class='ocrx_word' id='word_1_272' title='bbox 598 4395 803 4477; x_wconf 84' lang='lat' dir='ltr'>Magnesiae</span> <span class='ocrx_word' id='word_1_273' title='bbox 824 4395 1065 4459; x_wconf 85' lang='lat' dir='ltr'>sacerdotium</span> <span class='ocrx_word' id='word_1_274' title='bbox 1084 4394 1126 4458; x_wconf 93' lang='grc' dir='ltr'>ΙΙ.</span> <span class='ocrx_word' id='word_1_275' title='bbox 1144 4413 1170 4459; x_wconf 93' lang='lat' dir='ltr'>s.</span> <span class='ocrx_word' id='word_1_276' title='bbox 1188 4413 1218 4458; x_wconf 92' lang='lat' dir='ltr'>a.</span> <span class='ocrx_word' id='word_1_277' title='bbox 1236 4393 1317 4460; x_wconf 89' lang='lat' dir='ltr'>Chr.</span> <span class='ocrx_word' id='word_1_278' title='bbox 1334 4415 1366 4460; x_wconf 94' lang='lat' dir='ltr'>n.</span> <span class='ocrx_word' id='word_1_279' title='bbox 1388 4397 1530 4463; x_wconf 90' lang='lat' dir='ltr'>emitur.</span> 
     </span>
    </p>
   </div>
   <div class='ocr_carea' id='block_1_3' title="bbox 0 0 1672 5358">
    <p class='ocr_par' dir='ltr' id='par_1_6' title="bbox 0 0 1672 5358">
     <span class='ocr_line' id='line_1_37' title="bbox 0 0 1672 5358; baseline 0 0"><span class='ocrx_word' id='word_1_280' title='bbox 0 0 1672 5358; x_wconf 95' lang='lat' dir='ltr'> </span> 
     </span>
    </p>
   </div>
  </div>
 </body>
</html>
