3334 5358
895 521 1101 588 ..70-

398 725 559 788 tribuam.
613 723 728 787 Primo
763 724 918 788 fortasse
952 723 1097 787 saeculo
1133 721 1312 804 insculpta
1345 729 1401 786 est
1433 721 1528 784 mira
1562 721 1610 782 in-

398 833 544 915 scriptio
580 834 624 911 (11.
647 831 737 911 336):
778 839 816 897 Π.
840 831 993 918 Εὔφημος
1023 829 1098 913 [κ]αὶ
1130 829 1252 894 Τυλλία
1280 826 1547 912 Σ[π]ένόσ[υ]σ[α]
1579 826 1609 892 οἱ

398 938 563 1028 ἱεραφόροι
584 943 791 1026 καθιέρωσαν
818 937 892 1016 τούς
918 938 1017 1016 θεοὺς
1042 938 1096 1014 οὓς
1119 964 1137 1022 η
1161 935 1241 1014 θεός
1265 938 1419 1003 ἐκέλευσε·
1454 934 1611 1023 Σάραπιν

277 1095 279 1100 -
399 1053 491 1114 Εῖσιν
518 1048 680 1130 ’Ἄνουβιν
711 1047 940 1135 “Λρφοκράτη’ν
970 1049 1114 1134 Ὄσειριν
1147 1046 1257 1113 'Aaou
1285 1045 1398 1111 Ἥλιον
1431 1043 1484 1133 ἐφ’
1512 1055 1610 1130 ἵππῳ

265 1199 267 1202 -
396 1163 450 1222 καὶ
477 1157 582 1242 ἱκέτην
609 1156 701 1243 παρὰ
727 1157 771 1240 τῷ
798 1167 893 1243 ἵππῳ
920 1156 1007 1241 νΑρη
1028 1153 1237 1243 Διοσκόρους,
1266 1153 1404 1222 σινδόνα
1428 1157 1464 1220 ἐν
1491 1153 1511 1244 ᾗ
1539 1155 1609 1230 ἔξω·

398 1264 557 1353 γράφηται
580 1264 597 1350 ὴ
620 1265 701 1342 θεός
721 1271 774 1332 καὶ
797 1264 839 1330 τὰ
861 1271 935 1350 περὶ
961 1264 1018 1350 τήν
1042 1263 1149 1349 timp]
1177 1262 1297 1345 πάντα,
1325 1264 1426 1340 ἄλλας
1452 1261 1610 1338 σινδόνας

397 1387 488 1460 τρεῖς,
514 1375 643 1440 πέταλα
669 1379 785 1462 χρυσέα
811 1371 1023 1458 όγόοῇκοντα·
1056 1371 1268 1440 ἐπεσκεύασεν
1294 1375 1329 1440 δὲ
1355 1377 1408 1438 καὶ
1436 1369 1611 1458 ἆκρόχειρα
1654 1433 1655 1438 ,

398 1481 467 1549 τεόν
500 1483 699 1567 ἀγαλμάτων
731 1482 891 1549 σανδάλια
923 1485 1055 1566 χαλκεῖα
1086 1489 1139 1548 καὶ
1171 1481 1416 1569 περιρραντήρια
1448 1479 1516 1566 πρό
1554 1482 1609 1546 τοῦ
1654 1513 1655 1518 ’

398 1589 558 1670 πυλῶνος.
591 1594 673 1659 Sine
698 1594 803 1658 dubio
825 1591 843 1676 ἡ
868 1590 949 1669 θεὸς
963 1591 1029 1656 Isis
1053 1599 1118 1670 est,
1142 1591 1282 1656 etiamsi
1307 1609 1376 1654 non
1391 1589 1608 1654 nominatur.

397 1702 439 1766 In
483 1704 583 1766 cuius
621 1703 720 1767 cultu
753 1704 821 1766 duo
856 1704 929 1782 (vel
961 1700 1094 1784 plures)
1129 1697 1295 1787 ῖεραφόροι
1327 1703 1418 1780 sunt,
1454 1699 1517 1780 qui
1550 1715 1608 1762 res

399 1827 523 1873 sacras
553 1810 690 1890 ferunt3
718 1810 764 1874 ad
794 1828 963 1892 pompam
991 1811 1099 1892 igitur
1120 1826 1294 1873 vocamur
1316 1812 1424 1890 atque
1448 1825 1547 1888 eam,
1574 1808 1606 1870 in

400 1936 470 1999 qua
491 1918 559 1982 Isis
584 1917 712 1984 Osirim
746 1937 923 2002 quaerens
950 1920 1104 2003 tingitur.
1149 1915 1251 1996 Quae
1278 1933 1411 2000 pompa
1438 1917 1551 1982 etiam
1574 1916 1609 1979 in

398 2025 508 2090 linteo
554 2017 699 2108 depicta
742 2036 811 2092 est:
855 2026 872 2112 ἡ
903 2025 985 2104 θεός
1015 2030 1068 2092 καὶ
1101 2024 1143 2090 τὰ
1171 2029 1246 2112 περὶ
1279 2024 1337 2108 τὴν
1368 2023 1454 2092 θεόν
1484 2023 1609 2090 πάντα.

399 2135 493 2198 Talis
520 2153 652 2217 pompa
679 2137 798 2201 autem
824 2137 994 2218 postulat,
1030 2139 1068 2200 ut
1095 2135 1202 2200 etiam
1230 2133 1341 2200 Osiris
1376 2137 1425 2214 (et
1451 2134 1609 2198 fortasse

400 2243 535 2308 Anubis
563 2247 606 2318 ¹et
628 2245 886 2327 Harpocrates)
922 2246 1075 2325 colatur;
1096 2248 1189 2309 'cum
1220 2250 1341 2310 autem
1362 2243 1429 2308 Isis
1460 2243 1609 2308 eosdem

403 2353 489 2418 deos
511 2359 659 2434 praeter
681 2355 770 2418 alios
793 2354 861 2418 sibi
884 2353 1044 2420 dedicari
1070 2354 1205 2434 iubeat,
1238 2353 1287 2417 in·
1319 2353 1432 2434 (certe
1454 2353 1608 2434 prlores)

402 2480 473 2526 non
497 2469 571 2526 tum
586 2463 699 2543 primo
723 2462 881 2528 dedicati
904 2467 986 2528 sunt
1008 2462 1074 2525 sed
1089 2465 1230 2526 statuae
1255 2479 1387 2526 eorum.
1421 2460 1502 2524 Diei
1527 2461 1608 2524 festi

403 2570 494 2634 illius
518 2587 630 2634 causa
652 2570 739 2652 Apis
762 2587 903 2652 quoqne
926 2570 1068 2634 additus
1092 2575 1156 2648 est,
1185 2587 1290 2651 quem
1311 2569 1348 2632 in
1370 2585 1502 2650 pompa
1528 2567 1607 2631 duci

403 2678 565 2742 videmus
596 2697 641 2742 ex
673 2682 736 2742 (tv.
760 2685 841 2744 met.
864 2680 915 2743 IX
940 2678 1016 2744 691:
1050 2679 1086 2742 in
1115 2697 1247 2760 pompa
1275 2677 1394 2758 Isidis
1424 2695 1533 2760 quam
1563 2677 1607 2740 ad

403 2787 465 2852 iila
487 2805 594 2850 sacra
617 2792 784 2870 spectare
805 2788 1039 2852 demonstrat:
1063 2808 1310 2870 numquamque
1332 2787 1416 2851 sutis
1439 2787 1610 2868 quaesitus

405 2896 522 2976 Osiris,
539 2897 647 2959 etiam
663 2897 780 2960 rarius
795 2897 960 2960 coloribus
975 2897 1060 2980 Apis
1074 2895 1281 2978 ingreditur.
1315 2895 1483 2960 Dioscuri
1498 2912 1608 2977 saepe

405 3023 485 3068 cum
529 3005 583 3068 dis
627 3005 814 3086 Aegyptiis
859 3005 1130 3087 coniunguntur.
1188 3004 1283 3068 Mars
1327 3003 1482 3068 fortasse
1529 3021 1609 3068 cum

404 3113 567 3176 Anubide
592 3113 802 3176 coniunctus
824 3117 892 3190 est,
920 3113 981 3193 qui
1004 3130 1085 3177 cum
1108 3113 1175 3176 deo
1198 3118 1324 3177 vetere
1350 3111 1435 3176 belli
1462 3112 1610 3196 Wp-uit

406 3220 695 3284 corifundebatur
718 3222 1027 3302 (repraesentatur
1050 3221 1145 3285 enim
1166 3224 1317 3302 uterque
1338 3220 1454 3300 figura
1475 3219 1609 3284 militis:

305 3355 308 3362 ·
404 3329 545 3410 Erman,
568 3329 655 3410 Aeg.
672 3329 745 3393 Rel.
758 3329 829 3394 227.
874 3330 980 3394 Arch.
1003 3329 1065 3412 Ep.
1088 3331 1176 3394 Mitt.
1200 3348 1264 3393 aus
1289 3327 1385 3394 Oest.
1408 3328 1442 3392 X
1468 3329 1540 3402 128,
1562 3329 1610 3391 41.

404 3437 525 3502 Jahrb.
543 3438 574 3500 d.
590 3438 697 3502 Arch.
713 3437 799 3502 Inst.
819 3437 908 3518 1903,
928 3436 1036 3518 149*);
1062 3456 1179 3520 neque
1194 3455 1281 3502 vero
1300 3437 1387 3502 duos
1403 3437 1483 3501 illos
1500 3435 1609 3515 soles,

407 3549 450 3612 de
467 3546 595 3628 quibus
615 3546 740 3610 confer
754 3547 920 3620 FrankeL
944 3546 1003 3610 hic
1019 3551 1238 3629 apparentes
1255 3546 1439 3628 explicare
1455 3564 1608 3628 possum.

504 3655 697 3720 Praeterea
720 3661 862 3720 statuae
881 3659 1130 3720 restaurantur
1153 3663 1189 3719 et
1204 3655 1295 3720 deae
1311 3659 1479 3738 quattuor
1500 3655 1609 3720 lintea

406 3772 442 3828 et
474 3765 647 3829 bracteae
677 3765 814 3829 'aureae
848 3766 894 3828 ad
927 3769 1091 3830 ornatum
1125 3765 1215 3830 deae
1248 3765 1471 3846 pertinentes
1506 3766 1609 3846 (quae

405 3872 614 3936 necessario
638 3872 848 3937 sacerdotes
871 3869 1072 3955 ἱεροστόλους
1095 3874 1314 3952 desiderant)
1340 3874 1555 3960 dedicantur
1577 3881 1610 3936 et

406 3976 660 4067 περιρραντήρια,
679 3998 770 4044 vasa
790 3998 920 4062 aquam
938 3982 1124 4046 lustralem
1140 3982 1371 4062 continentia,
1393 3983 1512 4063 qualia
1529 3987 1609 4046 ante

407 4090 540 4172 templa
562 4089 680 4170 posita
702 4093 814 4154 erant.
906 4105 909 4112 ·

506 4197 637 4262 Postea
658 4199 694 4262 in
717 4199 868 4262 nummis
891 4200 1060 4263 Antonini
1083 4199 1135 4263 Pii
1162 4200 1399 4282 (Mandonald,
1428 4201 1487 4266 Gr.
1511 4202 1608 4266 coins

408 4305 479 4386 283,
494 4307 548 4386 58)
569 4311 606 4399 et
622 4304 804 4371 Commodi
829 4307 995 4384 (Drexler
1015 4326 1049 4389 p.
1065 4307 1118 4386 55)
1139 4307 1282 4391 Serapis
1299 4309 1430 4373 sedens
1447 4309 1608 4391 depictus

410 4418 474 4496 est,
497 4421 580 4480 ante
604 4433 709 4496 quem
732 4414 909 4481 Cerberus
933 4417 1044 4480 sedet
