3334 5358
704 483 908 550 -75„

201 687 283 751 ficia
315 701 448 768 magna
483 673 717 766 praebentur,
755 685 790 747 in
826 701 917 766 quae
950 681 967 748 ὁ
1004 681 1153 768 νεωπόης
1185 683 1257 763 (qui
1291 683 1408 746 locum

202 794 388 860 oeconomi
414 793 637 875 Magnesieci
665 793 816 870 obtinet)
847 793 1038 874 pecuniam
1068 795 1202 874 erogat.
1251 790 1409 856 Comme·

202 907 385 985 morantur
407 903 501 966 enim
526 903 562 966 in
589 902 689 966 initio
716 902 785 966 duo
812 901 889 965 dies
913 901 999 964 festi
1026 901 1074 976 (u.
1093 901 1126 978 2)
1155 897 1267 984 [μηνός
1295 896 1409 964 ’Ana-

203 1009 374 1098 τοοριοῑνος
409 1008 537 1093 discidi,
574 1011 620 1076 ad
657 1010 753 1091 quod
783 1013 950 1092 quattuor
983 1008 1179 1072 drachmae
1213 1026 1235 1072 a
1267 1025 1407 1089 neopon

204 1121 332 1184 dantur
364 1123 400 1183 et
433 1120 593 1183 eiusdem
626 1118 760 1183 mensis
797 1119 925 1196 altero,
964 1123 1001 1180 ut
1031 1117 1188 1199 videtur,
1226 1117 1283 1182 die
1317 1117 1408 1182 duae

203 1228 412 1294 drachmae:
447 1229 494 1307 (v.
511 1228 542 1307 7)
572 1227 634 1309 κ]ᾳὶ
664 1230 709 1302 εἰς
740 1231 862 1292 θυσίαν
890 1225 934 1313 τῷ
962 1225 1144 1308 >.”οερὰ[πιδιΙ
1165 1230 1218 1290 καὶ
1247 1225 1285 1316 τῇ
1310 1225 1408 1290 Ἴσιδι

202 1335 281 1401 καθ’
311 1337 458 1419 maeror
489 1333 645 1417 ἕνιαυτόμ
676 1335 779 1420 μηνὸς
810 1331 1105 1420 ’Λπατουριῶ[νος.
1163 1334 1296 1414 (Priore
1329 1335 1409 1400 loco

203 1463 363 1509 mensem
379 1446 424 1509 ab
441 1445 574 1509 Hillero
597 1448 698 1508 recte
714 1444 916 1525 suppletum
934 1461 1015 1508 esse
1032 1463 1077 1508 ex
1102 1462 1134 1508 v,
1150 1445 1190 1508 32
1213 1442 1407 1508 verisimile
1516 1428 1517 1431 ¹

203 1555 254 1634 fit,
282 1555 341 1617 ubi
368 1553 462 1617 idem
486 1553 563 1616 dies
592 1553 914 1631 commemoratur.)
962 1553 1147 1634 illicimur,
1180 1557 1218 1615 ut
1244 1556 1409 1633 putemus

203 1680 363 1727 mensem
379 1661 477 1726 illum
499 1662 546 1725 ad
562 1679 729 1744 magnum
752 1661 845 1724 diem
867 1661 999 1725 festum
1014 1660 1119 1724 Isidis
1143 1665 1322 1741 spectare,
1346 1658 1410 1722 sed

203 1771 257 1834 his
284 1770 503 1852 temporibus
529 1769 663 1834 mensis
686 1769 802 1850 Athyr
828 1769 923 1833 nullo
950 1769 1055 1833 modo
1084 1787 1165 1833 cum
1191 1768 1410 1850 Apaturione

203 1879 376 1960 congruit.
421 1878 681 1942 Praescribitur
703 1877 900 1959 sacerdoti,
925 1881 963 1960 ut
985 1877 1069 1941 Isidi
1092 1877 1206 1959 gallos
1230 1876 1411 1940 sacrificet

203 1985 396 2070 (Serapidis
420 2005 564 2052 sacrum
587 1987 743 2051 deletum
770 1987 848 2063 est).
893 1985 1086 2049 Praeterea
1108 1985 1194 2048 Isidi
1220 1985 1410 2067 λαμπαδεῐα

204 2097 262 2179 agi
285 2097 440 2175 iubetur3
474 2097 520 2160 ad
550 2113 656 2176 quam
690 2113 772 2159 cum
801 2095 891 2159 alias
920 2111 979 2157 res
1009 2099 1083 2158 turn
1112 2095 1281 2158 lucernas
1312 2093 1412 2172 duae,

204 2221 352 2285 quarum
387 2211 538 2285 utraque
572 2204 707 2267 talento
741 2203 859 2285 pondo
892 2204 1006 2283 valet,
1042 2204 1194 2286 praebet
1227 2202 1411 2282 sacerdos,

204 2330 295 2394 qnae
326 2312 403 2375 sine
434 2311 539 2376 dubio
569 2329 641 2374 non
674 2312 910 2393 portabantur
942 2312 1007 2376 sed
1040 2313 1180 2394 positae
1214 2315 1327 2378 erant.
1371 2311 1411 2374 In

206 2422 370 2502 Aegypto
398 2421 525 2484 eodem
554 2420 611 2484 die
638 2420 733 2484 festo
756 2421 823 2483 Isis
847 2421 955 2484 etiam
977 2439 1043 2502 per
1065 2424 1208 2484 noctem
1232 2421 1278 2484 ed
1299 2420 1413 2483 lucer-

206 2547 332 2594 narum
354 2529 488 2593 lumina
510 2529 699 2611 coniugem
721 2546 898 2610 quaerens
920 2529 1131 2610 fingebatur.
1165 2529 1281 2609 Atque
1305 2528 1412 2592 etiarn

207 2637 293 2718 Apis
328 2642 492 2720 apparet,
531 2637 591 2718 qui
623 2655 695 2701 non
728 2637 822 2701 inter
856 2638 941 2702 deos
975 2638 1035 2718 qui
1068 2643 1245 2702 vocantur
1277 2635 1413 2702 σύνναοι

208 2747 423 2826 nominatum
457 2765 539 2810 nam
572 2747 711 2810 illorum
744 2746 920 2810 sacrificio
956 2752 1233 2811 commemorato
1269 2746 1412 2810 dicitur:

208 2853 315 2936 doira
337 2853 372 2919 δὲ
394 2852 411 2920 ὁ
436 2851 544 2938 ἱερεὺς]
568 2860 621 2919 καὶ
643 2853 687 2937 τῷ
711 2851 846 2937 [mnudi
869 2855 1169 2938 (supplementum
1190 2859 1327 2919 certum
1343 2855 1412 2933 est)

207 2963 242 3026 ἓν
267 2975 335 3046 τοῖς
361 2961 489 3046 χρόνοις
514 2976 580 3038 τοῖς
607 2969 755 3046 νομίμοις
780 2971 1057 3046 ξΕΙΜῼΛΛΙ
1084 2966 1204 3041 (sacra
1231 2972 1292 3026 aut
1319 2964 1413 3028 diem

209 3076 498 3154 expectaremus,
533 3071 598 3136 sed
622 3072 689 3153 -di,
724 3075 818 3154 quod
844 3072 986 3136 videtur
1013 3081 1151 3136 certum
1179 3090 1275 3151 esse,
1306 3072 1413 3136 aliurn

209 3181 314 3245 deum
338 3181 541 3262 significare
561 3181 718 3260 videtum
742 3200 858 3264 neque
881 3199 968 3245 vero
992 3190 1124 3262 ectypo
1139 3181 1303 3260 inspecto
1320 3181 1414 3263 quic·

208 3307 314 3370 quam
337 3289 465 3367 effeci).
511 3289 633 3352 (initus
655 3290 772 3370 igitur,
799 3290 1013 3371 praesertim
1037 3307 1119 3353 oum
1141 3289 1229 3368 Apis
1251 3289 1300 3352 ibi
1322 3289 1414 3354 cola-

210 3409 275 3477 tur,
304 3398 466 3479 proxime
494 3399 541 3462 ad
566 3399 782 3481 Aegyptium
809 3398 980 3479 accessit,
1010 3415 1126 3478 neque
1153 3397 1260 3478 igitur
1287 3397 1413 3460 mirum

208 3510 266 3569 cst
278 3507 381 3570 iuxta
395 3507 620 3572 sacerdotem
635 3507 751 3570 virum
769 3507 984 3588 Aegyptium
999 3505 1163 3586 inveniri,
1184 3505 1242 3586 qui
1258 3505 1414 3569 animum

208 3615 397 3680 attendere
427 3615 577 3696 iubetur,
607 3621 645 3679 ut
673 3615 845 3679 sacerdos
872 3614 941 3679 rite
968 3613 1162 3693 sacrificem
1189 3618 1297 3693 atque
1325 3615 1415 3676 tanti

211 3723 342 3787 civium
374 3723 525 3790 interest
558 3741 665 3787 sacra
698 3724 895 3788 secundum
923 3741 1058 3787 morem
1082 3723 1297 3804 Aegyptium
1327 3723 1413 3802 fieri,

210 3835 247 3894 ut
268 3849 423 3913 poenam
452 3832 547 3896 mille
572 3832 823 3897 drachmarum
850 3832 884 3896 ei
913 3831 1145 3912 constituant,
1180 3830 1240 3910 qui
1269 3833 1416 3910 praeter

208 3941 435 4005 sacerdotem
452 3942 660 4006 sacrificare
676 3945 835 4006 conetur.
858 3941 970 4005 Sacra
986 3943 1266 4004 commemorate
1280 3940 1415 4002 fiebant

209 4048 246 4110 in
268 4065 394 4111 mensa
421 4065 539 4126 sacra,
573 4066 666 4130 quae
693 4054 776 4114 ante
805 4049 890 4113 deos
914 4048 1174 4127 collocabatur,
1205 4047 1270 4112 sed
1292 4065 1415 4112 neces-

212 4155 306 4220 sario
330 4157 437 4220 etiam
462 4157 497 4220 in
521 4159 584 4220 ara
608 4162 715 4222 antea
742 4158 939 4239 descripta,
966 4175 1059 4238 quae
1085 4156 1247 4238 proxime
1270 4154 1414 4219 accedit

108 4324 112 4332 .
210 4264 257 4328 ad
279 4264 432 4328 formam
455 4266 491 4328 in
513 4267 679 4348 Aegypto
704 4267 885 4330 usitatam:
913 4267 982 4329 iarn
1007 4264 1186 4330 Schrader
1209 4264 1326 4328 attulit
1348 4255 1415 4328 Na-

210 4372 305 4450 villc,
326 4373 414 4438 Deir
437 4375 470 4438 el
492 4373 625 4438 Baheri
648 4375 663 4436 Ι
686 4377 714 4440 8.
753 4374 910 4438 Afferam
934 4374 1086 4437 eandem
1110 4391 1218 4452 aram,
1243 4390 1336 4453 quae
1360 4379 1415 4436 est
