<?xml version="1.0" encoding="UTF-8"?>
<!DOCTYPE html PUBLIC "-//W3C//DTD XHTML 1.0 Transitional//EN"
    "http://www.w3.org/TR/xhtml1/DTD/xhtml1-transitional.dtd">
<html xmlns="http://www.w3.org/1999/xhtml" xml:lang="en" lang="en">
 <head>
  <title>
</title>
<meta http-equiv="Content-Type" content="text/html;charset=utf-8" />
  <meta name='ocr-system' content='tesseract 3.04.00' />
  <meta name='ocr-capabilities' content='ocr_page ocr_carea ocr_par ocr_line ocrx_word'/>
</head>
<body>
  <div class='ocr_page' id='page_1' title='image "./deserapideetisi00ruscgoog_0089.png"; bbox 0 0 3334 5358; ppageno 0'>
   <div class='ocr_carea' id='block_1_1' title="bbox 863 504 1062 567">
    <p class='ocr_par' dir='ltr' id='par_1_1' title="bbox 863 504 1062 567">
     <span class='ocr_line' id='line_1_1' title="bbox 863 504 1062 567; baseline 0.015 -19"><span class='ocrx_word' id='word_1_1' title='bbox 863 504 1062 567; x_wconf 74' lang='lat'>...82-</span> 
     </span>
    </p>
   </div>
   <div class='ocr_carea' id='block_1_2' title="bbox 361 701 1568 987">
    <p class='ocr_par' dir='ltr' id='par_1_2' title="bbox 361 701 1568 987">
     <span class='ocr_line' id='line_1_2' title="bbox 362 701 1568 786; baseline -0.002 -18"><span class='ocrx_word' id='word_1_2' title='bbox 362 722 457 783; x_wconf 90' lang='lat' dir='ltr'>reae,</span> <span class='ocrx_word' id='word_1_3' title='bbox 483 703 648 782; x_wconf 87' lang='lat' dir='ltr'>Prienae)</span> <span class='ocrx_word' id='word_1_4' title='bbox 678 701 849 784; x_wconf 76' lang='lat' dir='ltr'><strong>imprimis</strong></span> <span class='ocrx_word' id='word_1_5' title='bbox 873 721 1021 768; x_wconf 85' lang='lat' dir='ltr'>anseres</span> <span class='ocrx_word' id='word_1_6' title='bbox 1050 705 1155 786; x_wconf 90' lang='lat' dir='ltr'>(quae</span> <span class='ocrx_word' id='word_1_7' title='bbox 1178 703 1351 786; x_wconf 82' lang='lat' dir='ltr'><strong>Smyrnae</strong></span> <span class='ocrx_word' id='word_1_8' title='bbox 1373 705 1409 767; x_wconf 86' lang='lat' dir='ltr'>in</span> <span class='ocrx_word' id='word_1_9' title='bbox 1432 705 1568 785; x_wconf 80' lang='lat' dir='ltr'>templo</span> 
     </span>
     <span class='ocr_line' id='line_1_3' title="bbox 362 809 1567 896; baseline 0 -20"><span class='ocrx_word' id='word_1_10' title='bbox 362 813 531 892; x_wconf 83' lang='lat' dir='ltr'>aluntur);</span> <span class='ocrx_word' id='word_1_11' title='bbox 555 813 600 877; x_wconf 88' lang='lat' dir='ltr'>ad</span> <span class='ocrx_word' id='word_1_12' title='bbox 616 812 768 876; x_wconf 85' lang='lat' dir='ltr'>formam</span> <span class='ocrx_word' id='word_1_13' title='bbox 780 813 816 875; x_wconf 89' lang='lat' dir='ltr'>in</span> <span class='ocrx_word' id='word_1_14' title='bbox 833 809 999 895; x_wconf 84' lang='lat' dir='ltr'>Aegypto</span> <span class='ocrx_word' id='word_1_15' title='bbox 1022 813 1191 877; x_wconf 86' lang='lat' dir='ltr'>usitatam</span> <span class='ocrx_word' id='word_1_16' title='bbox 1214 814 1329 877; x_wconf 79' lang='lat' dir='ltr'>cultus</span> <span class='ocrx_word' id='word_1_17' title='bbox 1352 813 1567 896; x_wconf 76' lang='lat' dir='ltr'>praesertim</span> 
     </span>
     <span class='ocr_line' id='line_1_4' title="bbox 361 922 700 987; baseline 0.003 -2"><span class='ocrx_word' id='word_1_18' title='bbox 361 923 509 987; x_wconf 89' lang='lat' dir='ltr'>Prienae</span> <span class='ocrx_word' id='word_1_19' title='bbox 534 922 700 986; x_wconf 79' lang='lat' dir='ltr'>accessit.</span> 
     </span>
    </p>
   </div>
   <div class='ocr_carea' id='block_1_3' title="bbox 358 1046 1578 1545">
    <p class='ocr_par' dir='ltr' id='par_1_3' title="bbox 358 1046 1578 1545">
     <span class='ocr_line' id='line_1_5' title="bbox 460 1046 1578 1128; baseline 0.001 -19"><span class='ocrx_word' id='word_1_20' title='bbox 460 1046 666 1116; x_wconf 82' lang='lat' dir='ltr'><strong>Pecuniam,</strong></span> <span class='ocrx_word' id='word_1_21' title='bbox 701 1064 771 1126; x_wconf 90' lang='lat' dir='ltr'>qua</span> <span class='ocrx_word' id='word_1_22' title='bbox 799 1061 887 1128; x_wconf 88' lang='lat' dir='ltr'>opus</span> <span class='ocrx_word' id='word_1_23' title='bbox 916 1050 1005 1120; x_wconf 84' lang='lat' dir='ltr'>erat,</span> <span class='ocrx_word' id='word_1_24' title='bbox 1039 1047 1124 1111; x_wconf 90' lang='lat' dir='ltr'>urbs</span> <span class='ocrx_word' id='word_1_25' title='bbox 1153 1047 1214 1112; x_wconf 87' lang='lat' dir='ltr'>dat</span> <span class='ocrx_word' id='word_1_26' title='bbox 1240 1051 1301 1112; x_wconf 85' lang='lat' dir='ltr'>aut</span> <span class='ocrx_word' id='word_1_27' title='bbox 1323 1047 1494 1111; x_wconf 79' lang='lat' dir='ltr'>sacerdos</span> <span class='ocrx_word' id='word_1_28' title='bbox 1519 1048 1578 1110; x_wconf 86' lang='lat' dir='ltr'>ab&#39;&#39;</span> 
     </span>
     <span class='ocr_line' id='line_1_6' title="bbox 360 1151 1566 1237; baseline 0.001 -19"><span class='ocrx_word' id='word_1_29' title='bbox 360 1155 412 1237; x_wconf 85' lang='lat' dir='ltr'>iis,</span> <span class='ocrx_word' id='word_1_30' title='bbox 437 1157 496 1236; x_wconf 91' lang='lat' dir='ltr'>qui</span> <span class='ocrx_word' id='word_1_31' title='bbox 519 1156 605 1220; x_wconf 89' lang='lat' dir='ltr'>deos</span> <span class='ocrx_word' id='word_1_32' title='bbox 629 1157 759 1232; x_wconf 83' lang='lat' dir='ltr'>coloni,</span> <span class='ocrx_word' id='word_1_33' title='bbox 788 1151 923 1236; x_wconf 82' lang='lat' dir='ltr'><strong>colligit</strong></span> <span class='ocrx_word' id='word_1_34' title='bbox 946 1153 1076 1234; x_wconf 85' lang='lat' dir='ltr'>(Sami).</span> <span class='ocrx_word' id='word_1_35' title='bbox 1120 1155 1210 1236; x_wconf 85' lang='lat' dir='ltr'><strong>Deli,</strong></span> <span class='ocrx_word' id='word_1_36' title='bbox 1238 1155 1385 1236; x_wconf 81' lang='lat' dir='ltr'>Therae,</span> <span class='ocrx_word' id='word_1_37' title='bbox 1416 1155 1566 1219; x_wconf 81' lang='lat' dir='ltr'>Larisae</span> 
     </span>
     <span class='ocr_line' id='line_1_7' title="bbox 360 1263 1565 1356; baseline 0.001 -28"><span class='ocrx_word' id='word_1_38' title='bbox 360 1264 515 1328; x_wconf 83' lang='lat' dir='ltr'>cultores</span> <span class='ocrx_word' id='word_1_39' title='bbox 538 1265 729 1346; x_wconf 89' lang='lat' dir='ltr'>pecuniam</span> <span class='ocrx_word' id='word_1_40' title='bbox 750 1265 786 1328; x_wconf 88' lang='lat' dir='ltr'>in</span> <span class='ocrx_word' id='word_1_41' title='bbox 809 1263 977 1356; x_wconf 71' lang='lat' dir='ltr'>thesauro</span> <span class='ocrx_word' id='word_1_42' title='bbox 1000 1266 1036 1328; x_wconf 93' lang='lat' dir='ltr'>in</span> <span class='ocrx_word' id='word_1_43' title='bbox 1059 1265 1191 1346; x_wconf 81' lang='lat' dir='ltr'>templo</span> <span class='ocrx_word' id='word_1_44' title='bbox 1215 1265 1391 1328; x_wconf 85' lang='lat' dir='ltr'>collocato</span> <span class='ocrx_word' id='word_1_45' title='bbox 1415 1271 1565 1345; x_wconf 87' lang='lat' dir='ltr'>ponunt.</span> 
     </span>
     <span class='ocr_line' id='line_1_8' title="bbox 358 1369 1566 1454; baseline -0.001 -20"><span class='ocrx_word' id='word_1_46' title='bbox 358 1371 399 1436; x_wconf 91' lang='lat' dir='ltr'>In</span> <span class='ocrx_word' id='word_1_47' title='bbox 423 1374 521 1436; x_wconf 87' lang='lat' dir='ltr'>cultu</span> <span class='ocrx_word' id='word_1_48' title='bbox 543 1374 685 1454; x_wconf 83' lang='lat' dir='ltr'>privato</span> <span class='ocrx_word' id='word_1_49' title='bbox 709 1378 769 1438; x_wconf 83' lang='lat' dir='ltr'>aui</span> <span class='ocrx_word' id='word_1_50' title='bbox 785 1369 873 1437; x_wconf 87' lang='lat' dir='ltr'>sccii</span> <span class='ocrx_word' id='word_1_51' title='bbox 895 1373 1086 1454; x_wconf 87' lang='lat' dir='ltr'>pecuniam</span> <span class='ocrx_word' id='word_1_52' title='bbox 1105 1373 1350 1438; x_wconf 88' lang='lat' dir='ltr'>necessariam</span> <span class='ocrx_word' id='word_1_53' title='bbox 1374 1371 1566 1436; x_wconf 78' lang='lat' dir='ltr'>conferunt</span> 
     </span>
     <span class='ocr_line' id='line_1_9' title="bbox 359 1481 1199 1545; baseline 0 -1"><span class='ocrx_word' id='word_1_54' title='bbox 359 1485 420 1545; x_wconf 87' lang='lat' dir='ltr'>aut</span> <span class='ocrx_word' id='word_1_55' title='bbox 442 1499 532 1545; x_wconf 90' lang='lat' dir='ltr'>unus</span> <span class='ocrx_word' id='word_1_56' title='bbox 557 1499 602 1544; x_wconf 87' lang='lat' dir='ltr'>ex</span> <span class='ocrx_word' id='word_1_57' title='bbox 624 1481 666 1544; x_wconf 93' lang='lat' dir='ltr'>iis</span> <span class='ocrx_word' id='word_1_58' title='bbox 689 1483 861 1545; x_wconf 90' lang='lat' dir='ltr'>maiorem</span> <span class='ocrx_word' id='word_1_59' title='bbox 884 1497 1057 1545; x_wconf 86' lang='lat' dir='ltr'>summam</span> <span class='ocrx_word' id='word_1_60' title='bbox 1081 1481 1199 1544; x_wconf 87' lang='lat' dir='ltr'>donat.</span> 
     </span>
    </p>
   </div>
   <div class='ocr_carea' id='block_1_4' title="bbox 831 2263 1081 2332">
    <p class='ocr_par' dir='ltr' id='par_1_4' title="bbox 831 2263 1081 2332">
     <span class='ocr_line' id='line_1_10' title="bbox 831 2263 1081 2332; baseline -0.004 -2"><span class='ocrx_word' id='word_1_61' title='bbox 831 2263 1081 2332; x_wconf 82' lang='lat' dir='ltr'><strong>Addendum</strong></span> 
     </span>
    </p>
   </div>
   <div class='ocr_carea' id='block_1_5' title="bbox 354 2445 1559 2858">
    <p class='ocr_par' dir='ltr' id='par_1_5' title="bbox 354 2445 1559 2858">
     <span class='ocr_line' id='line_1_11' title="bbox 355 2445 1559 2532; baseline 0.002 -22"><span class='ocrx_word' id='word_1_62' title='bbox 355 2448 401 2510; x_wconf 83' lang='lat' dir='ltr'>ad</span> <span class='ocrx_word' id='word_1_63' title='bbox 423 2466 503 2529; x_wconf 83' lang='lat' dir='ltr'>pag.</span> <span class='ocrx_word' id='word_1_64' title='bbox 524 2447 573 2512; x_wconf 73' lang='lat'>19:</span> <span class='ocrx_word' id='word_1_65' title='bbox 597 2450 636 2510; x_wconf 82' lang='lat' dir='ltr'>ul</span> <span class='ocrx_word' id='word_1_66' title='bbox 659 2448 694 2510; x_wconf 88' lang='lat' dir='ltr'>in</span> <span class='ocrx_word' id='word_1_67' title='bbox 717 2448 818 2511; x_wconf 83' lang='lat' dir='ltr'>titulo</span> <span class='ocrx_word' id='word_1_68' title='bbox 835 2447 898 2510; x_wconf 89' lang='lat' dir='ltr'>VII</span> <span class='ocrx_word' id='word_1_69' title='bbox 913 2445 996 2512; x_wconf 75' lang='lat'>3426</span> <span class='ocrx_word' id='word_1_70' title='bbox 1018 2466 1082 2528; x_wconf 88' lang='lat' dir='ltr'>pro</span> <span class='ocrx_word' id='word_1_71' title='bbox 1106 2445 1159 2530; x_wconf 71' lang='grc' dir='ltr'>τῆς</span> <span class='ocrx_word' id='word_1_72' title='bbox 1181 2445 1408 2532; x_wconf 83' lang='grc' dir='ltr'><strong><em>ἀποσειριαδος</em></strong></span> <span class='ocrx_word' id='word_1_73' title='bbox 1430 2447 1559 2522; x_wconf 83' lang='grc' dir='ltr'><strong><em>Εϊσιδος</em></strong></span> 
     </span>
     <span class='ocr_line' id='line_1_12' title="bbox 354 2554 1555 2639; baseline 0 -21"><span class='ocrx_word' id='word_1_74' title='bbox 354 2574 525 2637; x_wconf 86' lang='lat' dir='ltr'>ponerem</span> <span class='ocrx_word' id='word_1_75' title='bbox 554 2554 607 2632; x_wconf 62' lang='grc' dir='ltr'>τῶς</span> <span class='ocrx_word' id='word_1_76' title='bbox 637 2554 890 2639; x_wconf 79' lang='grc' dir='ltr'><em>Ταποσειριάδος</em></span> <span class='ocrx_word' id='word_1_77' title='bbox 918 2555 1060 2634; x_wconf 76' lang='grc' dir='ltr'>Εἴσιδος,</span> <span class='ocrx_word' id='word_1_78' title='bbox 1094 2555 1224 2620; x_wconf 84' lang='lat' dir='ltr'>Erman</span> <span class='ocrx_word' id='word_1_79' title='bbox 1255 2557 1411 2620; x_wconf 89' lang='lat' dir='ltr'><strong>animum</strong></span> <span class='ocrx_word' id='word_1_80' title='bbox 1440 2573 1555 2618; x_wconf 90' lang='lat' dir='ltr'><strong>meum</strong></span> 
     </span>
     <span class='ocr_line' id='line_1_13' title="bbox 354 2663 1557 2746; baseline -0.001 -19"><span class='ocrx_word' id='word_1_81' title='bbox 354 2665 518 2728; x_wconf 83' lang='lat' dir='ltr'>advertit.</span> <span class='ocrx_word' id='word_1_82' title='bbox 563 2664 726 2745; x_wconf 85' lang='lat' dir='ltr'>Taposiri</span> <span class='ocrx_word' id='word_1_83' title='bbox 754 2666 897 2729; x_wconf 82' lang='lat' dir='ltr'>celebre</span> <span class='ocrx_word' id='word_1_84' title='bbox 921 2663 1069 2730; x_wconf 85' lang='lat' dir='ltr'>Osiridis</span> <span class='ocrx_word' id='word_1_85' title='bbox 1093 2681 1235 2728; x_wconf 89' lang='lat' dir='ltr'>sacrum</span> <span class='ocrx_word' id='word_1_86' title='bbox 1257 2663 1368 2728; x_wconf 82' lang='lat' dir='ltr'>fuisse</span> <span class='ocrx_word' id='word_1_87' title='bbox 1391 2664 1557 2746; x_wconf 85' lang='lat' dir='ltr'>permulti</span> 
     </span>
     <span class='ocr_line' id='line_1_14' title="bbox 354 2769 1556 2858; baseline 0.001 -23"><span class='ocrx_word' id='word_1_88' title='bbox 354 2773 549 2854; x_wconf 71' lang='lat' dir='ltr'>scriptores</span> <span class='ocrx_word' id='word_1_89' title='bbox 589 2778 771 2858; x_wconf 66' lang='lat' dir='ltr'>testantur</span> <span class='ocrx_word' id='word_1_90' title='bbox 815 2775 874 2852; x_wconf 87' lang='lat' dir='ltr'>(cf.</span> <span class='ocrx_word' id='word_1_91' title='bbox 905 2769 1289 2853; x_wconf 87' lang='lat' dir='ltr'>Pseudooallisthenes,</span> <span class='ocrx_word' id='word_1_92' title='bbox 1334 2772 1456 2852; x_wconf 83' lang='lat' dir='ltr'>script.</span> <span class='ocrx_word' id='word_1_93' title='bbox 1489 2791 1556 2836; x_wconf 92' lang='lat' dir='ltr'>rer.</span> 
     </span>
    </p>
   </div>
   <div class='ocr_carea' id='block_1_6' title="bbox 257 2879 1555 2961">
    <p class='ocr_par' dir='ltr' id='par_1_6' title="bbox 257 2879 1555 2961">
     <span class='ocr_line' id='line_1_15' title="bbox 257 2879 1555 2961; baseline -0.001 -18"><span class='ocrx_word' id='word_1_94' title='bbox 257 2885 260 2894; x_wconf 82' lang='grc'><em>’</em></span> <span class='ocrx_word' id='word_1_95' title='bbox 353 2883 454 2946; x_wconf 86' lang='lat' dir='ltr'><strong>Alex.</strong></span> <span class='ocrx_word' id='word_1_96' title='bbox 489 2882 543 2945; x_wconf 89' lang='lat' dir='ltr'>ed.</span> <span class='ocrx_word' id='word_1_97' title='bbox 568 2881 605 2945; x_wconf 86' lang='lat' dir='ltr'>C.</span> <span class='ocrx_word' id='word_1_98' title='bbox 629 2882 753 2945; x_wconf 83' lang='lat' dir='ltr'>Mliller</span> <span class='ocrx_word' id='word_1_99' title='bbox 779 2883 794 2945; x_wconf 93' lang='lat' dir='ltr'>I</span> <span class='ocrx_word' id='word_1_100' title='bbox 817 2882 870 2961; x_wconf 75' lang='lat'>313</span> <span class='ocrx_word' id='word_1_101' title='bbox 907 2882 993 2946; x_wconf 84' lang='lat' dir='ltr'>Plut.</span> <span class='ocrx_word' id='word_1_102' title='bbox 1023 2879 1066 2944; x_wconf 84' lang='lat' dir='ltr'>de</span> <span class='ocrx_word' id='word_1_103' title='bbox 1099 2882 1143 2946; x_wconf 91' lang='lat' dir='ltr'>Is.</span> <span class='ocrx_word' id='word_1_104' title='bbox 1172 2885 1208 2944; x_wconf 86' lang='lat' dir='ltr'>et</span> <span class='ocrx_word' id='word_1_105' title='bbox 1242 2879 1300 2946; x_wconf 89' lang='lat' dir='ltr'>Os.</span> <span class='ocrx_word' id='word_1_106' title='bbox 1327 2879 1459 2960; x_wconf 78' lang='lat'>3590);</span> <span class='ocrx_word' id='word_1_107' title='bbox 1493 2881 1555 2944; x_wconf 89' lang='lat' dir='ltr'>sed</span> 
     </span>
    </p>
   </div>
   <div class='ocr_carea' id='block_1_7' title="bbox 353 2989 1635 3292">
    <p class='ocr_par' dir='ltr' id='par_1_7' title="bbox 353 2989 1635 3292">
     <span class='ocr_line' id='line_1_16' title="bbox 354 2989 1635 3075; baseline -0.001 -24"><span class='ocrx_word' id='word_1_108' title='bbox 354 2991 460 3054; x_wconf 82' lang='lat' dir='ltr'>etiam</span> <span class='ocrx_word' id='word_1_109' title='bbox 477 2991 561 3054; x_wconf 91' lang='lat' dir='ltr'>Isim</span> <span class='ocrx_word' id='word_1_110' title='bbox 583 2990 630 3053; x_wconf 91' lang='lat' dir='ltr'>ibi</span> <span class='ocrx_word' id='word_1_111' title='bbox 654 2991 787 3054; x_wconf 85' lang='lat' dir='ltr'>cultam</span> <span class='ocrx_word' id='word_1_112' title='bbox 809 2991 976 3072; x_wconf 90' lang='lat' dir='ltr'><strong>illumque</strong></span> <span class='ocrx_word' id='word_1_113' title='bbox 997 2989 1131 3054; x_wconf 86' lang='lat' dir='ltr'>cultum</span> <span class='ocrx_word' id='word_1_114' title='bbox 1154 2991 1262 3054; x_wconf 87' lang='lat' dir='ltr'>etiam</span> <span class='ocrx_word' id='word_1_115' title='bbox 1285 2990 1354 3053; x_wconf 91' lang='lat' dir='ltr'>alio</span> <span class='ocrx_word' id='word_1_116' title='bbox 1377 2993 1555 3070; x_wconf 83' lang='lat' dir='ltr'>portatum</span> <span class='ocrx_word' id='word_1_117' title='bbox 1632 3069 1635 3075; x_wconf 69' lang='lat'>,</span> 
     </span>
     <span class='ocr_line' id='line_1_17' title="bbox 353 3097 1553 3179; baseline 0 -18"><span class='ocrx_word' id='word_1_118' title='bbox 353 3117 433 3162; x_wconf 91' lang='lat' dir='ltr'>esse</span> <span class='ocrx_word' id='word_1_119' title='bbox 458 3099 579 3162; x_wconf 82' lang='lat' dir='ltr'>titulus</span> <span class='ocrx_word' id='word_1_120' title='bbox 608 3097 697 3162; x_wconf 51' lang='lat'>0112</span> <span class='ocrx_word' id='word_1_121' title='bbox 718 3099 768 3162; x_wconf 87' lang='lat' dir='ltr'>XI</span> <span class='ocrx_word' id='word_1_122' title='bbox 787 3099 920 3179; x_wconf 76' lang='grc'>1543;4</span> <span class='ocrx_word' id='word_1_123' title='bbox 944 3100 1164 3163; x_wconf 81' lang='lat' dir='ltr'>demonstrat</span> <span class='ocrx_word' id='word_1_124' title='bbox 1188 3098 1351 3162; x_wconf 78' lang='lat' dir='ltr'>Faesulis</span> <span class='ocrx_word' id='word_1_125' title='bbox 1374 3104 1553 3179; x_wconf 83' lang='lat' dir='ltr'>repertus:</span> 
     </span>
     <span class='ocr_line' id='line_1_18' title="bbox 353 3207 1308 3292; baseline 0 -22"><span class='ocrx_word' id='word_1_126' title='bbox 353 3209 498 3271; x_wconf 75' lang='lat' dir='ltr'>Domino</span> <span class='ocrx_word' id='word_1_127' title='bbox 523 3209 614 3271; x_wconf 81' lang='lat' dir='ltr'>Osiri</span> <span class='ocrx_word' id='word_1_128' title='bbox 638 3258 644 3272; x_wconf 93' lang='lat'><strong>.</strong></span> <span class='ocrx_word' id='word_1_129' title='bbox 664 3257 670 3271; x_wconf 91' lang='lat'><em>.</em></span> <span class='ocrx_word' id='word_1_130' title='bbox 688 3257 694 3270; x_wconf 93' lang='lat'><em>.</em></span> <span class='ocrx_word' id='word_1_131' title='bbox 714 3258 719 3270; x_wconf 92' lang='lat'><em>.</em></span> <span class='ocrx_word' id='word_1_132' title='bbox 743 3209 910 3272; x_wconf 73' lang='lat' dir='ltr'>Dominae</span> <span class='ocrx_word' id='word_1_133' title='bbox 934 3209 1020 3272; x_wconf 79' lang='lat' dir='ltr'>Isidi</span> <span class='ocrx_word' id='word_1_134' title='bbox 1047 3207 1203 3292; x_wconf 81' lang='lat' dir='ltr'>Taposiri</span> <span class='ocrx_word' id='word_1_135' title='bbox 1227 3256 1308 3272; x_wconf 91' lang='lat'><strong>....</strong></span> 
     </span>
    </p>
   </div>
   <div class='ocr_carea' id='block_1_8' title="bbox 868 3523 1028 3590">
    <p class='ocr_par' dir='ltr' id='par_1_8' title="bbox 868 3523 1028 3590">
     <span class='ocr_line' id='line_1_19' title="bbox 868 3523 1028 3590; baseline 0 -2"><span class='ocrx_word' id='word_1_136' title='bbox 868 3523 1028 3590; x_wconf 82' lang='lat' dir='ltr'>Errata:</span> 
     </span>
    </p>
   </div>
   <div class='ocr_carea' id='block_1_9' title="bbox 432 3707 1469 4117">
    <p class='ocr_par' dir='ltr' id='par_1_9' title="bbox 433 3707 1469 3899">
     <span class='ocr_line' id='line_1_20' title="bbox 433 3707 1469 3788; baseline 0 -18"><span class='ocrx_word' id='word_1_137' title='bbox 433 3725 513 3788; x_wconf 80' lang='lat' dir='ltr'>pag.</span> <span class='ocrx_word' id='word_1_138' title='bbox 533 3708 564 3770; x_wconf 96' lang='grc'>11</span> <span class='ocrx_word' id='word_1_139' title='bbox 594 3725 627 3770; x_wconf 87' lang='lat' dir='ltr'>v.</span> <span class='ocrx_word' id='word_1_140' title='bbox 642 3707 683 3771; x_wconf 81' lang='lat'>29</span> <span class='ocrx_word' id='word_1_141' title='bbox 706 3707 814 3771; x_wconf 89' lang='lat' dir='ltr'>velim</span> <span class='ocrx_word' id='word_1_142' title='bbox 836 3707 936 3788; x_wconf 82' lang='lat' dir='ltr'>legas</span> <span class='ocrx_word' id='word_1_143' title='bbox 960 3725 1024 3788; x_wconf 92' lang='lat' dir='ltr'>pro</span> <span class='ocrx_word' id='word_1_144' title='bbox 1047 3707 1230 3787; x_wconf 88' lang='lat' dir='ltr'>Aslepieo:</span> <span class='ocrx_word' id='word_1_145' title='bbox 1266 3707 1469 3788; x_wconf 81' lang='lat' dir='ltr'>Asclepieo</span> 
     </span>
     <span class='ocr_line' id='line_1_21' title="bbox 433 3811 1235 3899; baseline 0 -22"><span class='ocrx_word' id='word_1_146' title='bbox 433 3832 514 3895; x_wconf 84' lang='lat' dir='ltr'>pag.</span> <span class='ocrx_word' id='word_1_147' title='bbox 529 3814 569 3878; x_wconf 82' lang='lat'>27</span> <span class='ocrx_word' id='word_1_148' title='bbox 594 3833 626 3879; x_wconf 81' lang='lat' dir='ltr'>V.</span> <span class='ocrx_word' id='word_1_149' title='bbox 646 3817 683 3881; x_wconf 82' lang='grc'>11)</span> <span class='ocrx_word' id='word_1_150' title='bbox 712 3832 776 3896; x_wconf 91' lang='lat' dir='ltr'>pro</span> <span class='ocrx_word' id='word_1_151' title='bbox 797 3811 922 3899; x_wconf 71' lang='grc' dir='ltr'><em>Ἀθηνᾶ</em></span> <span class='ocrx_word' id='word_1_152' title='bbox 947 3815 1036 3897; x_wconf 77' lang='grc'>1894,</span> <span class='ocrx_word' id='word_1_153' title='bbox 1062 3813 1235 3879; x_wconf 81' lang='grc' dir='ltr'>17οε176.</span> 
     </span>
    </p>

    <p class='ocr_par' dir='ltr' id='par_1_10' title="bbox 433 3921 1263 4006">
     <span class='ocr_line' id='line_1_22' title="bbox 433 3921 1263 4006; baseline -0.001 -20"><span class='ocrx_word' id='word_1_154' title='bbox 433 3941 514 4004; x_wconf 84' lang='lat' dir='ltr'>pag.</span> <span class='ocrx_word' id='word_1_155' title='bbox 530 3923 572 3989; x_wconf 86' lang='lat'>29</span> <span class='ocrx_word' id='word_1_156' title='bbox 593 3941 626 3987; x_wconf 92' lang='lat' dir='ltr'>v.</span> <span class='ocrx_word' id='word_1_157' title='bbox 642 3925 683 3990; x_wconf 76' lang='lat'>30</span> <span class='ocrx_word' id='word_1_158' title='bbox 704 3943 769 4006; x_wconf 93' lang='lat' dir='ltr'>pro</span> <span class='ocrx_word' id='word_1_159' title='bbox 793 3924 879 3988; x_wconf 80' lang='lat' dir='ltr'>Mitt.</span> <span class='ocrx_word' id='word_1_160' title='bbox 897 3925 977 3988; x_wconf 82' lang='lat' dir='ltr'>Aih.</span> <span class='ocrx_word' id='word_1_161' title='bbox 995 3925 1061 3988; x_wconf 90' lang='lat' dir='ltr'>VII</span> <span class='ocrx_word' id='word_1_162' title='bbox 1083 3923 1158 3990; x_wconf 84' lang='lat'>355:</span> <span class='ocrx_word' id='word_1_163' title='bbox 1193 3921 1263 3990; x_wconf 77' lang='lat'>335.</span> 
     </span>
    </p>

    <p class='ocr_par' dir='ltr' id='par_1_11' title="bbox 432 4030 1236 4117">
     <span class='ocr_line' id='line_1_23' title="bbox 432 4030 1236 4117; baseline 0.001 -21"><span class='ocrx_word' id='word_1_164' title='bbox 432 4049 513 4114; x_wconf 83' lang='lat' dir='ltr'>pag.</span> <span class='ocrx_word' id='word_1_165' title='bbox 528 4032 563 4098; x_wconf 91' lang='grc'>51</span> <span class='ocrx_word' id='word_1_166' title='bbox 594 4051 627 4098; x_wconf 79' lang='grc' dir='ltr'>ν.</span> <span class='ocrx_word' id='word_1_167' title='bbox 646 4033 684 4097; x_wconf 86' lang='grc'>14</span> <span class='ocrx_word' id='word_1_168' title='bbox 705 4051 769 4115; x_wconf 91' lang='lat' dir='ltr'>pro</span> <span class='ocrx_word' id='word_1_169' title='bbox 788 4030 965 4117; x_wconf 70' lang='grc' dir='ltr'>Ἀθήναιον</span> <span class='ocrx_word' id='word_1_170' title='bbox 986 4031 1034 4096; x_wconf 93' lang='lat' dir='ltr'>IV</span> <span class='ocrx_word' id='word_1_171' title='bbox 1060 4030 1117 4098; x_wconf 87' lang='grc'>157</span> <span class='ocrx_word' id='word_1_172' title='bbox 1124 4053 1131 4099; x_wconf 88' lang='grc'>;</span> <span class='ocrx_word' id='word_1_173' title='bbox 1165 4031 1236 4098; x_wconf 86' lang='lat'><strong>457.</strong></span> 
     </span>
    </p>
   </div>
   <div class='ocr_carea' id='block_1_10' title="bbox 0 0 1672 5358">
    <p class='ocr_par' dir='ltr' id='par_1_12' title="bbox 0 0 1672 5358">
     <span class='ocr_line' id='line_1_24' title="bbox 0 0 1672 5358; baseline 0 5"><span class='ocrx_word' id='word_1_174' title='bbox 0 0 1672 5358; x_wconf 95' lang='lat' dir='ltr'> </span> 
     </span>
    </p>
   </div>
  </div>
 </body>
</html>
