3334 5358
252 1511 348 1612 Hac
364 1548 400 1610 in
417 1547 669 1611 dissertatione
686 1565 767 1611 cum
780 1546 915 1630 cultum
926 1546 1030 1610 Isidis
1046 1525 1163 1628 ipsum
1177 1548 1356 1612 illustrare

150 1655 342 1732 studerem,
378 1673 520 1737 semper
551 1655 637 1720 mihi
671 1655 716 1720 ab
743 1655 1035 1736 inscriptionibus
1062 1659 1098 1720 et
1119 1656 1357 1722 monumentis

151 1763 453 1844 proficiscendum
471 1771 559 1845 erat,
582 1782 653 1828 non
668 1781 690 1827 a
704 1764 980 1844 narrationibus,
996 1783 1085 1846 quas
1102 1765 1297 1847 scriptores
1313 1765 1357 1829 de

153 1891 197 1936 eo
221 1872 457 1937 tradiderunt.
495 1873 605 1937 Porro
622 1873 705 1954 quia
726 1871 823 1937 viam
846 1890 891 1936 ac
913 1873 1088 1936 rationem
1111 1890 1182 1954 qua
1204 1873 1358 1956 exempli

153 1998 266 2044 causa
289 1979 438 2064 Lafaye,
471 1981 608 2045 histoire
640 1983 687 2046 du
720 1979 806 2045 culte
839 1982 897 2045 cles
924 1981 1080 2046 diviniter
1102 1980 1357 2062 cl'Aleonandrie,

152 2106 238 2152 usus
261 2089 350 2152 locis
374 2093 409 2152 et
432 2089 652 2170 temporibus
675 2107 746 2154 non
770 2088 949 2153 distinctis
973 2073 1197 2155 communem
1224 2091 1359 2155 cultum

153 2199 295 2276 tractat,
326 2201 465 2261 rectam
487 2215 559 2261 non
580 2201 676 2280 puto,
701 2197 834 2262 cultum
858 2197 1077 2280 singulorum
1099 2199 1259 2263 locorum
1281 2216 1359 2280 per-

151 2321 293 2386 sequor.
316 2310 477 2368 ceterum
499 2305 546 2368 ad
567 2305 823 2386 imperatorum
837 2303 1076 2370 Romanorum
1099 2311 1263 2388 tempora
1277 2324 1359 2372 raro

152 2413 338 2491 descendi,
373 2431 454 2477 oum
477 2413 602 2477 horum
625 2418 826 2494 temporum
849 2414 965 2478 cultus
988 2418 1160 2479 accurate
1185 2415 1360 2497 explicari

153 2539 225 2585 non
246 2521 360 2602 possit
382 2521 451 2585 nisi
474 2521 582 2586 etiam
605 2522 702 2586 cultu
725 2519 887 2586 Romano
910 2526 1092 2604 respect03
1114 2523 1235 2604 itaque
1257 2541 1360 2605 prae·

151 2630 278 2694 sertim
300 2631 335 2694 in
351 2631 438 2696 Asia
453 2629 596 2696 Graeca
617 2631 710 2696 haec
733 2635 897 2713 tempora
917 2631 1076 2714 neglexi;
1099 2631 1244 2696 accedit
1266 2632 1361 2714 quod

152 2739 341 2804 materiam
374 2740 500 2804 horum
534 2743 734 2820 temporum
757 2739 911 2805 Drexler
942 2740 979 2804 in
1000 2739 1119 2810 Wien,
1147 2739 1247 2806 Num.
1270 2741 1360 2805 Zeit-

153 2847 283 2911 schrist
304 2847 388 2911 XXI
411 2848 566 2932 collegit,
589 2865 804 2930 quamquam
825 2866 896 2912 non
919 2849 1168 2930 pertractavit.

255 2955 443 3021 Materiam
476 2975 549 3038 qua
579 2974 666 3020 usus
700 2974 778 3020 sum
799 2955 876 3038 ipse
901 2957 1031 3040 collegi
1053 2958 1118 3020 sed
1145 2975 1190 3020 ex
1213 2975 1361 3024 accura-

155 3063 293 3128 tissima
325 3063 493 3130 Drexleri
527 3065 741 3130 collectione
774 3063 823 3142 (in
845 3063 1017 3130 Roscheri
1050 3066 1167 3139 lexico
1200 3067 1359 3150 mythol.)

154 3171 330 3254 supplevi.
