3334 5358
641 519 848 582 -13-

123 774 126 780 .
143 718 301 800 Dittenb.
324 721 425 782 recte
449 716 619 797 coniecit3
652 716 806 782 traditur
838 717 934 781 enim
956 725 989 783 A
1001 725 1036 781 A
1048 726 1081 782 A
1093 725 1127 782 A
1150 765 1157 782 .
1174 763 1182 781 .
1199 765 1206 780 .
1222 767 1229 782 .
1262 714 1351 796 ἁγια-

141 823 244 912 φόρος
274 826 311 890 111
342 823 448 890 Isidis
483 825 581 892 cultu
613 828 718 890 notus
752 829 807 890 est
840 825 899 905 (61.
922 826 1024 908 Apul.
1047 829 1129 889 met
1152 823 1214 906 XI,
1237 825 1280 888 X.
1315 831 1351 888 et

141 934 306 1013 Frankel,
328 933 467 1000 Inschr.
489 951 524 997 v.
547 933 649 1015 Perg.
671 932 756 1014 336),
780 951 997 1016 quamquam
1018 933 1146 997 mirum
1168 937 1232 1015 est,
1256 933 1350 1014 quod

140 1061 269 1108 munus
293 1041 452 1108 custodis
475 1041 596 1124 templi
620 1060 701 1106 cum
723 1039 787 1106 tali
809 1057 955 1106 munere
979 1040 1209 1106 coniunctum
1232 1046 1296 1105 cst.

241 1153 288 1216 At
309 1151 466 1216 nondum
489 1151 709 1232 explicatum
732 1154 795 1230 est,
820 1149 914 1232 quod
935 1150 973 1214 in
986 1148 1038 1214 III
1057 1151 1115 1215 162
1140 1151 1350 1233 simpliciter

141 1261 274 1325 dicitur
304 1262 343 1351 τῇ
375 1261 454 1345 θεῷ.
498 1257 659 1323 Attendit
692 1263 811 1323 autem
844 1259 1000 1324 animum
1033 1276 1151 1322 meum
1184 1258 1349 1324 Wilamo·

140 1369 280 1432 witzius
302 1367 349 1433 ad
371 1368 443 1431 tale
466 1367 754 1449 supplementum
781 1368 886 1450 quale
913 1364 929 1452 1
964 1367 1055 1432 δεῖνα
1087 1364 1159 1431 κατ’
1192 1367 1350 1450 ἐπιταγὴν

135 1477 265 1559 Ἴσιδος,
289 1475 384 1559 quod
405 1475 491 1540 mihi
512 1475 620 1541 valdo
643 1475 838 1541 verisimile
855 1475 1006 1554 videtur,
1031 1493 1113 1539 cum
1129 1474 1237 1538 etiam
1257 1475 1350 1538 alter

141 1585 264 1649 titulus
301 1581 373 1648 κατ’
412 1585 578 1666 ἐπίταγμα
615 1583 811 1649 dedicetur.
868 1583 954 1648 Isidi
990 1583 1099 1664 igitur
1136 1581 1349 1647 dedicantur

139 1697 282 1770 statuae
314 1690 466 1757 Veneris
501 1696 536 1755 et
568 1692 785 1774 Aesculapii.
841 1680 960 1756 Venus
997 1707 1080 1756 oum
1114 1689 1210 1755 Iside
1239 1708 1347 1772 saepe

140 1801 335 1866 coniuncta
358 1805 427 1882 est3
450 1819 531 1865 cum
553 1799 769 1883 Aesculapio
791 1799 877 1866 Isim
899 1803 935 1864 et
957 1799 1170 1881 praesertim
1185 1797 1346 1882 Serapim

139 1911 354 1975 coniunctos
378 1911 486 1975 etiam
509 1911 593 1974 alibi
614 1909 831 1974 invenimus:
864 1909 1040 1974 Aristides
1066 1906 1124 1993 ἱερ.
1150 1907 1217 1988 toy.
1250 1905 1282 1988 γ’
1305 1909 1346 1972 47

139 2022 264 2084 narrat
286 2019 322 2082 in
345 2019 480 2082 somnio
503 2019 758 2102 Aesculapium
781 2021 817 2084 et
840 2016 1001 2099 Serapim
1034 2019 1102 2084 sibi
1124 2020 1345 2101 apparuisse.

139 2127 310 2208 Epidauri
327 2125 471 2208 Serapis
495 2131 531 2190 et
545 2127 612 2192 Isis
635 2127 671 2190 in
687 2127 770 2192 fano
786 2127 995 2209 Aesculapii
1010 2127 1175 2192 coluntur
1191 2127 1251 2208 (IV
1267 2129 1346 2194 1033

139 2241 176 2299 61
202 2236 303 2315 1041).
345 2234 507 2299 CILIII
526 2234 606 2300 1973
632 2234 840 2317 Carlsburgi
865 2236 1027 2317 (Daciae)
1051 2238 1183 2304 numini
1205 2218 1345 2321 Serapis

139 2392 146 2406 .
171 2394 178 2408 .
203 2395 210 2410 .
233 2347 390 2410 sacerdos
413 2345 467 2409 olei
489 2344 672 2428 Aesculapi
686 2353 782 2428 pout.
807 2341 1083 2410 6111612215
1099 2345 1344 2428 Gratianopoli

137 2449 288 2531 (Galliae
303 2451 424 2531 Narb.)
447 2451 642 2538 Aesculapii
663 2473 800 2518 suorum
824 2449 950 2518 Caecus
972 2455 1076 2519 Isidis
1098 2455 1198 2520 cedit.
1228 2455 1344 2536 Atque

138 2561 288 2626 Athenis
311 2562 482 2644 templum
504 2562 618 2644 Isidis,
653 2563 711 2626 cui
735 2563 843 2626 etiam
864 2561 924 2627 hic
951 2562 1073 2626 titulus
1097 2563 1344 2627 attribuendus

138 2674 203 2750 est,
227 2687 339 2751 prope
356 2669 565 2752 Serapieum
586 2671 662 2734 fuit.
692 2669 814 2735 Facile
830 2670 938 2752 igitur
959 2671 1196 2753 Aesculapius
1212 2669 1344 2745 effecit,

137 2783 177 2842 ut
200 2778 307 2844 etiam
329 2778 484 2846 inlsidis
507 2780 605 2843 cultu
629 2779 838 2844 sacerdotes
859 2780 997 2844 somnia
1011 2779 1342 2862 interpretarentur.

137 2883 252 2968 Prope
274 2887 343 2951 hoe
367 2889 539 2969 templum
562 2889 670 2952 etiam
692 2888 842 2952 Veneris
865 2888 973 2952 situm
994 2893 1082 2953 erat.

238 2993 353 3060 Etiam
376 2997 484 3060 aliam
505 2997 777 3080 inscriptionem
809 2997 856 3061 ad
887 2996 973 3061 Isim
994 2997 1192 3078 referimus
1227 3016 1345 3080 quam·
1431 2989 1435 2995 ’

136 3121 245 3184 quam
255 3123 390 3168 nomen
405 3105 495 3170 deae
509 3124 582 3170 non
598 3089 708 3186 extat,
732 3105 826 3188 quod
837 3105 1018 3170 stolistam
1032 3106 1069 3170 in
1086 3124 1130 3192 ea
1144 3105 1343 3172 invenimus

136 3212 286 3276 111699:
324 3210 908 3298 1611161116161χ1ή616ν1611)εὗσεβαῖς
938 3211 957 3279 ὁ
990 3211 1100 3300 πατὴρ
1242 3217 1296 3280 καὶ
1323 3213 1341 3280 ὁ

136 3317 283 3408 ἀδελφός
383 3321 440 3386 tat
462 3319 631 3387 666116τοῦ
653 3324 835 3400 Μουσαίου,
858 3321 963 3409 ἱερέως
985 3324 1207 3409 Προσδοκίμου
1222 3323 1343 3404 161611-

138 3431 208 3511 ρου)
232 3428 386 3514 ἄρχοντος
408 3428 656 3514 Κορνηλιανο1ὖ).

239 3535 404 3602 Secundo
438 3540 583 3604 saeculo
618 3539 857 3604 attribuuntur
889 3541 997 3605 etiam
1030 3539 1082 3604 Ill
1114 3541 1175 3606 8911
1208 3546 1243 3604 61
1271 3539 1343 3619 905,
1402 3530 1407 3540 ²

138 3663 228 3725 quas
250 3645 337 3710 Ditt.
372 3647 471 3711 circa
502 3645 560 3713 150
586 3665 618 3730 p.
642 3645 722 3713 chr.
745 3665 779 3712 n.
805 3648 1004 3731 insculptas
1032 3666 1111 3712 6666
1143 3648 1238 3713 dicit.
1282 3647 1344 3712 896

136 3773 250 3836 prope
288 3760 403 3841 stoam
436 3757 607 3820 Hadriani
643 3757 791 3821 inventa
828 3761 896 3821 est:
935 3753 1088 3842 [litttpwc
1120 3754 1277 3832 Κλαύδιος
1299 3755 1342 3835 (1)

137 3862 314 3946 ...1μωνος
339 3860 430 3946 [vide]
453 3863 620 3941 ’Λτταλος
642 3864 807 3930 Κλαυδίαν
830 3862 895 3946 1...
919 3861 978 3948 riv
999 3862 1063 3948 τῇς)
1087 3863 1253 3948 θυγατρὸς
1274 3869 1341 3928 etc.

137 3969 330 4058 θυγα1τέ1ρα
352 3971 555 4056 161ςἽσ1ιδος
575 3971 745 4060 ἀνέθηκεν.
788 3973 888 4037 Avus
911 3972 1018 4056 igitur
1039 3977 1182 4055 neptem
1204 3991 1250 4036 ex
1272 3973 1344 4036 filia

136 4085 259 4144 natam
274 4079 361 4144 Isidi
377 4080 529 4145 dedicat.
566 4079 728 4146 Eundem
742 4101 878 4146 morem
892 4083 1030 4165 puellas
1045 4081 1130 4147 Isidi
1153 4082 1343 4146 dedicandi

136 4188 359 4253 domonstrat
374 4188 445 4256 905.
479 4189 628 4254 Fiebant
650 4191 757 4274 igitur
771 4191 864 4255 filiae
881 4191 1090 4255 sacerdotes
1106 4191 1219 4264 Isidis,
1244 4191 1343 4256 ouius

136 4297 253 4361 cultus
276 4297 448 4379 imprimis
469 4299 712 4364 amulieribus
735 4297 1060 4365 administrabatur.
1093 4299 1244 4364 Athenis
1267 4317 1344 4381 per-

135 4406 270 4470 multae
295 4410 435 4472 statuae
459 4407 582 4472 talium
605 4407 835 4472 sacerdotum
858 4411 1062 4487 servantum
1085 4408 1149 4471 sed
1172 4408 1343 4472 hocloco
