3334 5358
835 556 874 562 ,ἢ
918 509 1039 582 ‘22'-

338 721 383 785 sit
417 687 659 802 anaglyphum
693 737 810 798 noque
844 717 964 796 Kdrtc‚
998 715 1084 780 Mitt.
1120 717 1248 781 Athen.
1271 717 1322 780 ΠΙ
1355 718 1390 780 in
1424 733 1546 779 monu-

339 829 469 894 mentis
492 827 650 892 Boeotiis
673 827 709 891 id
733 826 870 891 afferat.

438 971 655 1054 Tanagrae
680 973 781 1033 extat
803 968 910 1031 index
935 985 1065 1044 corum,
1090 968 1149 1049 qui
1172 968 1296 1032 diebus
1320 969 1422 1032 festis
1445 968 1547 1032 Sera-

339 1081 428 1162 picis
445 1080 624 1166 vicerunt:
649 1077 800 1142 V11540:
826 1074 968 1141 Fiaixoo
983 1075 1039 1140 zoi
1054 1073 1242 1140 Bormanon
1264 1077 1329 1141 ot'ds¹
1352 1078 1466 1142 ἐνίκων
1487 1073 1550 1140 τόν
1655 1113 1656 1138 i

339 1187 454 1270 ἀγῶνα
475 1185 568 1269 τ[ῶ]ν
590 1192 806 1270 Σαραπιείων.
838 1185 1040 1266 Sequuntur
1062 1183 1249 1268 σαλπικτής,
1272 1188 1376 1272 κῆρυξ,
1399 1182 1550 1270 αὐλητής,

340 1295 536 1383 κιθαρῳδός,
573 1292 740 1386 ῥαψῳδός,
781 1291 935 1382 αὖλῳδός,
980 1291 1127 1378 σατύρων
1163 1293 1306 1380 ποιητής,
1349 1293 1550 1378 κιθαριστής,

340 1406 525 1492 τραγῳδίων
547 1401 690 1489 ποιητής.
740 1401 947 1466 Ceterorum
981 1407 1100 1467 autem
1131 1405 1365 1468 certaminum
1389 1404 1550 1468 victores

341 1515 533 1598 perierunt.
592 1514 746 1595 Tempus
783 1512 1028 1592 inscriptionis
1066 1516 1122 1576 est
1161 1513 1302 1577 100—70
1335 1531 1365 1577 a.
1401 1511 1481 1576 Chr.
1516 1531 1549 1576 n.

342 1629 488 1706 praeter
510 1641 616 1703 quam
640 1623 773 1687 cultum
796 1622 1002 1684 ostendunt:
1026 1622 1113 1686 Mitt.
1136 1622 1215 1684 Ath.
1239 1621 1382 1693 111342,
1411 1621 1551 1702 effigies

345 1733 504 1796 mulieris
542 1736 669 1794 ornatu
714 1730 914 1795 sacerdotis
957 1730 1061 1794 Isidis
1105 1731 1278 1812 praedita,
1323 1735 1359 1794 et
1401 1731 1553 1794 lucerna
1656 1739 1657 1760 ¹

344 1841 494 1922 (Lafaye
517 1859 550 1921 p.
573 1839 635 1904 303
658 1859 690 1903 n.
717 1839 799 1918 129),
823 1840 923 1903 ouius
947 1857 1036 1902 ansa
1060 1839 1238 1921 capitibus
1261 1839 1365 1902 Isidis
1389 1842 1425 1903 et
1448 1837 1551 1903 Sera-

344 1950 436 2032 pidis
471 1949 655 2030 formatur,
690 1963 781 2028 quae
804 1947 968 2012 Lutetiae
991 1949 1207 2012 Parisiorum
1242 1949 1435 2012 coniuncta
1469 1967 1552 2012 cum

348 2058 447 2122 vasis
472 2061 506 2122 et
528 2056 696 2120 fictilibus
721 2056 908 2136 Tanagrae
931 2057 1087 2121 inventis
1111 2060 1285 2120 servatur.

445 2190 640 2272 Thespiis
663 2191 830 2253 inventus
855 2194 910 2253 est
932 2189 997 2253 VII
1023 2190 1102 2255 1869
1124 2189 1239 2268 (OIG
1258 2191 1365 2268 1633);
1390 2187 1419 2274 [ἡ
1441 2188 1554 2273 pionii

344 2299 409 2380 xo[i
445 2297 462 2363 ὁ
498 2297 605 2383 δῆμος]
641 2298 852 2364 Μνασίππαν
884 2298 1038 2382 [....]του
1070 2297 1314 2383 mouumentum
1331 2297 1466 2380 Ἤσιδος
1497 2303 1552 2362 καὶ
1657 2297 1658 2340 ἕ

345 2407 409 2490 αν[.
423 2456 429 2471 .
443 2459 450 2474 .
466 2408 483 2489 ,Ι
508 2405 544 2498 τῇ
566 2407 664 2472 πόλει
686 2412 730 2483 εἰς
744 2406 813 2491 τ[ὴν
828 2405 1000 2489 Araducca
1016 2405 1138 2493 ἑορῂὴν
1150 2457 1157 2472 .
1171 2456 1198 2474 ..
1223 2407 1369 2472 Boeckh
1384 2408 1553 2472 lacunam

346 2517 467 2598 explet
486 2513 718 2598 ’Adoidadogt
741 2516 826 2580 Ditt.
850 2527 950 2581 recte
974 2515 1194 2598 &dodemani
1217 2517 1310 2598 quod
1332 2518 1444 2582 verbo
1462 2536 1554 2598 opus

345 2629 409 2702 cst,
433 2643 539 2706 aquo
562 2625 719 2706 pendeat
741 2629 786 2700 εἰς
807 2623 865 2708 τὴν
887 2623 1005 2712 ἑορτὴν.
1043 2625 1236 2690 Praeterea
1259 2627 1294 2689 in
1311 2627 1410 2690 titulo
1435 2644 1555 2690 sacer—

346 2733 438 2798 dotis
461 2734 528 2797 Isis
553 2751 634 2798 cum
656 2734 819 2798 Anubide
843 2735 1036 2798 coniuncta
1058 2753 1138 2798 esse
1161 2754 1231 2798 non
1255 2739 1383 2817 potest.
1428 2736 1554 2817 Neque

346 2860 433 2905 vcro
469 2859 514 2906 ex
546 2842 616 2907 hoc
650 2843 751 2906 titulo
787 2843 953 2906 concludi
976 2842 1083 2907 debet
1115 2843 1199 2906 Isim
1222 2844 1270 2907 ibi
1304 2862 1384 2908 cum
1406 2844 1554 2908 Baccho

346 2952 576 3015 coniunctam
600 2969 690 3016 esse.

767 3440 851 3537 111.
910 3440 1130 3536 Phocis,

448 3770 663 3835 Praesertim
706 3771 930 3835 Tithoreae
976 3771 1110 3835 cultum
1153 3771 1257 3834 Isidis
1303 3775 1338 3834 et
1374 3773 1558 3853 Serapidis

347 3880 509 3944 floruisse
533 3883 569 3943 et
591 3879 847 3960 inscriptiones
871 3883 906 3942 et
921 3879 1118 3942 Pausanias
1143 3883 1329 3944 testentur.
1363 3881 1479 3962 Atque
1495 3881 1557 3945 hic

350 3990 501 4052 alterum
523 3988 840 4052 manumissionum
864 4005 977 4068 genus
1001 4006 1126 4051 servos
1149 3988 1331 4052 vendundi
1355 3989 1557 4070 reperimus

348 4097 399 4160 IX
425 4096 497 4176 1873
548 4097 607 4162 194
630 4115 681 4178 sq.
725 4097 907 4178 tingebant
945 4096 1049 4160 deum
1086 4097 1202 4177 ipsum
1238 4115 1382 4162 servum
1420 4116 1557 4179 emere3

349 4214 542 4286 propterea
586 4206 839 4270 documentum
883 4206 1072 4287 emptionis
1116 4205 1151 4268 in
1196 4207 1328 4286 templo
1372 4205 1557 4287 Serapidis

348 4313 492 4395 ponitur
514 4312 550 4391 td
581 4311 653 4380 ὤνά
685 4311 777 4400 παρὰ
809 4311 869 4378 τόν
903 4311 987 4378 θεὸν
1019 4311 1080 4378 uin
1104 4311 1279 4399 Σάραπιν),
1312 4321 1420 4397 atque
1443 4318 1556 4398 siquis

350 4422 515 4486 libertum
551 4423 587 4486 in
624 4424 835 4488 servitutem
876 4423 1073 4503 redigebat,
1118 4423 1151 4485 ci
1197 4424 1367 4488 talentum
1412 4427 1556 4506 argenti
