3334 5358
649 507 858 571 -15,

170 749 172 754 κ
252 703 467 787 Diligentius
484 708 603 768 autem
621 706 664 768 de
680 704 847 770 Eleusine
865 702 1116 784 disputandum
1132 709 1195 766 est.
1225 703 1362 770 Extant
1493 693 1496 700 '

155 813 249 892 enim
272 813 341 890 duo
364 817 596 894 monumenta
618 813 733 877 cultus
757 815 903 884 deorum
922 811 1179 892 Aegyptiorum
1194 811 1360 876 Eleusine

153 921 316 999 inventa:
339 922 375 1007 ll
399 921 489 1002 1355,
512 922 605 1004 quod
628 922 733 984 tertio
757 940 788 986 a.
813 921 893 984 Chr.
917 939 950 982 n.
973 920 1119 982 saeculo
1143 921 1358 984 attribuitur:

46 1098 49 1104 ,
153 1027 291 1114 ἢβουλὴ
311 1027 579 1114 κανηιςορήσασαν
593 1026 630 1118 τῇ
647 1025 829 1112 ’'lurda-etr}
851 1025 950 1114 βουλὴ
972 1024 1030 1114 ἀφ’
1049 1028 1155 1104 ἑστίας
1176 1033 1362 1112 μιιηίίοϊσαν

153 1137 199 1202 οπ
222 1138 449 1218 simillimum,
484 1139 578 1220 quod
610 1137 765 1201 fortasse
798 1137 834 1200 in
868 1136 996 1202 eodem
1022 1126 1231 1217 lapide-fuit
1254 1141 1290 1202 et
1313 1139 1359 1202 ad

153 1245 306 1310 eandem
320 1245 500 1310 'feminam
521 1249 690 1327 pertinet:
710 1243 830 1331 Ἐφημ.
846 1241 914 1327 ἅρχ.
936 1242 1023 1324 1895,
1050 1245 1119 1308 102;
1144 1243 1209 1326 [ἐπὶ
1231 1243 1362 1327 telesiae
1418 1273 1420 1278 ·

151 1359 278 1438 Χαρίου
299 1350 354 1436 τῆς
375 1359 550 1418 Διονυσίου
573 1358 803 1439 Μαραθωνίου
826 1351 1029 1436 θ[υγατρός]ῑ
1059 1350 1076 1438 ἡ
1099 1351 1196 1434 βουλὴ
1218 1351 1235 1418 ὁ
1261 1355 1359 1439 δῆμος

152 1459 213 1548 ἀφ’
246 1462 352 1538 ἑστίας
387 1467 570 1547 placatur
607 1468 642 1526 et
677 1463 786 1528 idem:
830 1458 1149 1549 κ(α)νηφο[ρ]η’σασαν
1185 1461 1359 1545 Σαράπιδι.

152 1571 322 1634 Femina
313 1575 377 1652 1g1
379 1589 420 1634 ur
442 1571 476 1648 a)
500 1574 579 1635 erat
601 1568 658 1656 ἇφ
684 1570 796 1647 ἑστίας
811 1575 985 1655 μισηθεῖσα,
1009 1570 1103 1651 quod
1118 1571 1165 1633 ad
1186 1571 1359 1651 mysteria

151 1665 333 1744 Eleusinia
355 1679 528 1760 pertinet,
562 1684 669 1760 atque
693 1683 835 1744 constat
783 1679 927 1743 athoc
951 1679 1207 1742 nobilissimum
1229 1683 1358 1760 mysto·

151 1806 231 1880 rum
263 1806 375 1870 genus
403 1787 528 1851 fuisse:
565 1787 691 1868 Porph.
716 1788 760 1852 de
787 1789 877 1851 abst.
900 1784 1043 1850 IV5‘'
1023 1810 1107 1868 οπερ
1132 1784 1193 1869 γάρ
1225 1786 1260 1849 ἑν
1291 1797 1359 1860 τοῖς

152 1902 334 1981 μυστηρίοις
360 1893 377 1962 o‘
407 1893 466 1980 ἀφ’
492 1895 599 1971 ἑστίας
620 1893 792 1978 λεγόμενος
817 1905 897 1970 παῖς
920 1894 980 1974 (ὃς)
1010 1891 1082 1958 ἀντὶ
1115 1891 1291 1959 πάντων
1274 1917 1356 1978 απο-

151 2001 408 2086 pertranseant
434 2008 538 2068 θεῖον.
575 2005 686 2068 Bekk.
711 2004 836 2086 anecd.
858 2003 885 2085 I,
907 2005 982 2068 204:
1007 2001 1066 2090 ἀφ’
1091 2003 1154 2067 ἑστ.
1176 2005 1356 2086 μυηθῆναι·

153 2110 170 2176 ὁ
206 2113 240 2176 ἑκ
275 2109 343 2177 τῶν
378 2117 557 2196 προκρίτων
586 2109 786 2198 Ἀθηναίων
820 2113 921 2198 νίτρῳ
956 2111 1069 2196 λαχων
1104 2124 1184 2188 παῖς
1220 2114 1358 2196 δημοσίᾳ

151 2227 298 2317 μισηθείς.
343 2222 492 2304 Semper
513 2225 574 2286 vel
595 2223 696 2306 pueri
724 2222 785 2287 vel
806 2224 948 2304 puellae
971 2221 1062 2286 sunt.
1105 2222 1141 2300 b)
1105 2220 1273 2286 thala
1275 2221 1357 2304 hum

153 2331 285 2396 ttulera
300 2330 445 2394 Isidi
409 2337 445 2395 e
460 2329 635 2412 Serapidi
664 2331 762 2395 Hic
753 2332 816 2415 1git
820 2349 860 2394 ur
882 2331 998 2394 videri
1019 2335 1169 2412 possunt
1184 2330 1360 2410 mysteria
1385 2357 1386 2361 ¹

153 2439 335 2507 Eleusinia
357 2457 438 2503 curn
462 2440 515 2503 dis
538 2441 724 2522 Aegyptiis
748 2441 941 2504 coniuncta
967 2458 1057 2504 esse.
1101 2440 1177 2502 Iam
1200 2440 1244 2502 ab
1268 2439 1356 2502 anti-

153 2547 231 2628 quis
259 2547 492 2629 scriptoribus
520 2549 615 2612 enim
640 2549 810 2612 traditum
837 2552 892 2611 est
913 2549 1087 2636 mysteria
1108 2547 1289 2610 Eleusinia
1311 2565 1357 2610 ex
1379 2613 1383 2623 ,

152 2645 318 2736 'Aegypto
352 2655 462 2718 allata
496 2673 575 2719 esse
610 2661 716 2737 atque
740 2655 876 2738 Lafaye
909 2657 979 2720 hac
1003 2661 1081 2720 arta
1104 2655 1358 2720 coniunctione

111 2763 115 2769 '
153 2763 289 2827 facturn
313 2781 394 2826 esse
418 2763 514 2845 dicit,
539 2768 578 2828 ut
600 2765 717 2829 cultus
742 2765 1168 2852 deorumfAegyptiorum
1191 2768 1264 2827 tam
1286 2764 1357 2846 lato

153 2873 333 2955 glisceret.
389 2873 459 2937 Sed
492 2891 537 2936 ex
571 2874 733 2938 omnibus
770 2854 839 2937 hoc
877 2874 990 2936 solum
1027 2865 1278 2937 documentum
1312 2873 1358 2936 ad

154 2981 227 3070 cult
214 2985 289 3045 tum
310 2981 424 3062 ipsum
446 2985 602 3062 spectat,
595 2982 695 3046 ·im0
711 3001 757 3046 ne
772 2983 842 3046 hoc
858 2981 1010 3064 quidem,
1033 2982 1137 3044 modo
1155 2982 1313 3064 diligent
1304 3001 1358 3045 rus

153 3066 190 3154 id
213 3092 468 3156 examinemus
512 3091 681 3155 Videmus
715 3091 809 3155 onim
842 3089 1085 3172 canephoram
1108 3089 1288 3186 Serapidis
1323 3095 1360 3154 et

152 3198 266 3275 Isidis
286 3198 389 3262 nihil
399 3198 534 3262 habere
566 3217 754 3262 commune
789 3217 869 3262 curn
903 3217 1008 3262 sacro
1031 3183 1253 3286 Eleusiniae
1267 3199 1357 3273 deae

153 3306 279 3386 focos
270 3325 306 3370 1n
322 3325 391 3402 quo
407 3307 471 3370 init
473 3307 522 3370 iat
525 3325 546 3370 a
562 3311 640 3370 erat
626 3308 783 3372 teadem
798 3308 934 3388 mulier,
957 3308 1021 3370 sed
1037 3307 1205 3394 coniungi
1220 3311 1361 3371 tantum

153 3433 260 3478 sacra
291 3432 449 3492 munera,
484 3415 610 3498 quibus
642 3416 744 3498 virgo
777 3416 925 3480 laudata
887 3417 1082 3480 ttfunca
1115 3420 1201 3478 erat.
1254 3413 1357 3495 Quod
1384 3435 1386 3437 ·

152 3523 318 3587 similes
309 3523 461 3604 inscript
464 3523 562 3586 iones
587 3529 712 3605 aperte
676 3523 900 3587 ttdemcns
886 3528 982 3587 traut
1003 3523 1038 3586 Π
1062 3523 1155 3587 1388;
1182 3521 1353 3608 adoptio

151 3629 250 3714 διμος
274 3627 504 3716 μυηθεΐσοὶν
485 3657 532 3718 αφ
536 3629 688 3710 ’ἑστίας
717 3629 987 3718 κανηφορῂσασαν
1012 3633 1055 3715 τῷ
1079 3627 1276 3696 Ἀπόλλωνι

150 3733 575 3826 κανηφ.[11]αν[αθ]η’ναια.
619 3740 670 3804 ill
692 3739 755 3805 916
787 3757 917 3803 munus·
941 3734 1025 3802 illud
1051 3728 1280 3803 coniunctum
1302 3751 1360 3802 est

152 3867 235 3914 cum
258 3851 486 3931 canephorae
500 3849 688 3914 Eleusiniis
706 3854 741 3912 et
755 3848 965 3930 Epidauriis.
999 3847 1078 3912 Hae
1093 3839 1235 3928 puellae
1250 3848 1357 3928 igitur

152 3956 211 4042 ἀφ’
230 3956 337 4033 ἑστίας
357 3939 534 4042 paradarum
557 3962 638 4022 sunt
661 3958 768 4021 etiam
785 3957 980 4039 canephori
997 3956 1143 4020 deorum
1161 3957 1357 4038 aliquorum

152 4069 213 4130 aut
242 4066 367 4130 diebus
397 4066 514 4141 festis,
549 4067 608 4148 qui
643 4084 724 4130 cum
755 4065 936 4146 mysteriis
959 4064 1147 4128 Eleusiniis
1182 4067 1241 4128 aut
1276 4082 1356 4128 con-

150 4175 249 4255 iungi
271 4179 420 4257 possunt
448 4179 516 4238 aut·
531 4180 612 4240 riou.
657 4174 928 4255 Coniunguntur
953 4173 1061 4252 igitur
1087 4192 1158 4237 non
1185 4174 1252 4236 nisi
1271 4190 1356 4254 per-

125 4301 273 4349 sonae.
315 4283 406 4347 Nam
427 4283 496 4347 hae
519 4283 661 4367 puellae
686 4301 731 4346 ex
761 4281 902 4364 optimis
936 4281 1078 4344 familiis
1111 4277 1222 4344 natae'
1253 4293 1356 4344 erant

151 4391 275 4470 (Bekk.
299 4410 355 4457 an.
376 4378 486 4473 1‘204,
512 4392 659 4456 Boeckh
684 4392 730 4456 ad
753 4389 847 4455 CIG
868 4391 932 4456 393
955 4395 990 4454 et
1012 4390 1063 4454 ΙΙΙ
1085 4390 1173 4466 915);
1205 4389 1357 4454 eaedem
