3334 5358
848 473 1057 539 ..60-

348 673 487 759 ὀσίριδι
514 671 686 756 Ἀναίιβιδι
702 672 924 760 χαριστήριον),
946 675 1040 756 quod
1056 675 1161 752 nullo,
1178 679 1272 755 pute,
1289 675 1365 738 iure
1382 671 1562 756 Smyrnae

353 785 565 848 attribuitur.

452 893 494 957 In
531 893 628 958 cultu
661 892 843 958 Rhodiaco
881 891 1072 956 tractando
1110 892 1217 956 etiam
1254 892 1441 973 complura
1477 891 1562 955 loca

351 1002 501 1067 finitima
520 1002 651 1066 afferre
672 1019 823 1066 necesse
839 1005 908 1064 est:
934 1003 960 1065 1.
976 1001 1011 1064 in
1027 999 1271 1081 promunturio
1288 994 1417 1064 Cariae
1432 999 1560 1064 Rhodo

353 1111 530 1192 opposito,
565 1110 660 1192 quod
693 1110 751 1174 diu
777 1109 922 1173 Rhodiis
956 1109 1120 1190 parebat,
1154 1112 1190 1173 in
1223 1111 1310 1174 urbe
1345 1110 1560 1174 Phoenice

353 1219 506 1283 eundem
534 1219 676 1282 modum
707 1219 936 1282 sacerdotum
967 1218 1238 1283 coniunctorum
1271 1219 1489 1292 invenimus¹
1525 1219 1560 1281 in

353 1328 479 1410 quibus
509 1327 617 1392 etiam
647 1325 842 1409 Serapidis:
876 1326 989 1392 BOH
1013 1327 1046 1390 X
1068 1325 1144 1390 249:
1180 1331 1378 1409 Τιμασίθεος
1402 1325 1560 1409 Τιμασιά-

354 1459 467 1511 νακτος
488 1421 709 1520 προτανιύσας
727 1439 779 1500 κοιὶ
802 1435 899 1518 ἱερεὺς
920 1438 973 1499 καὶ
988 1434 1145 1518 ἱεροποιοὶ
1168 1440 1261 1511 θεοῖς
1282 1433 1374 1500 πᾶσι.
1407 1436 1560 1500 Enume-

353 1547 478 1608 rantur
499 1541 712 1630 ἇρχιαριστός,
734 1542 825 1627 ἱεροῖς
839 1545 1023 1608 Minervae
1047 1550 1084 1607 et
1106 1544 1214 1626 Iovis,
1238 1543 1400 1626 Veneria,
1421 1545 1558 1608 Aescu-

353 1652 449 1734 lapii,
473 1653 669 1734 Serapidis;
696 1657 892 1734 sequuntur
917 1653 1045 1734 vigInti
1071 1671 1161 1717 unus
1184 1653 1387 1718 sacrificuli.
1432 1653 1560 1718 Sacer-

354 1762 456 1826 dotes
478 1761 585 1843 igitur
607 1778 678 1825 uon
701 1761 814 1825 solum
836 1762 929 1826 inter
951 1779 991 1825 se
1014 1763 1197 1825 coniuncti
1226 1771 1322 1843 sunt,
1356 1762 1419 1826 sed
1447 1763 1558 1826 etiam

353 1871 514 1936 omnibus
538 1870 710 1934 sacerdos
733 1870 908 1960 maximus
931 1877 1087 1951 praeest.
1498 1949 1500 1954 Ι

452 1980 481 2044 2.
511 1978 551 2041 In
574 1978 691 2042 insula
705 1977 898 2043 Rhodiaca
913 1977 1081 2042 Chalce:
1105 1979 1174 2041 XII
1193 1983 1218 2058 1,
1234 1979 1305 2059 957,
1330 1979 1452 2043 tabula
1467 1997 1559 2043 mar-

352 2104 475 2151 morea
508 2087 603 2151 tertii
637 2087 801 2150 exeuntis
834 2088 894 2150 vei
931 2087 1080 2151 secundi
1114 2088 1264 2166 saeculi,
1301 2088 1337 2152 In
1370 2087 1557 2169 superiore

351 2203 454 2277 parte
487 2196 523 2258 in
557 2195 698 2259 modum
731 2194 865 2276 fastigii
899 2197 1066 2260 formata:
1106 2191 1303 2282 Τιμοκράτης
1331 2194 1558 2280 Ἀρισταχόροι

351 2301 518 2387 Σαράπιος
533 2303 634 2380 Ἴσιος
655 2309 843 2385 ποτίταχμα
865 2305 995 2384 (neque
1019 2322 1108 2385 opus
1132 2309 1187 2369 est
1209 2305 1279 2370 hoe
1303 2305 1556 2369 documentum

356 2411 479 2476 Rhodo
502 2413 722 2490 attribuere).

452 2521 481 2584 3.
512 2521 688 2584 ininsula
711 2518 842 2601 Syme:
865 2519 933 2583 XII
955 2522 1030 2602 3,1,
1054 2522 1242 2604 catalogus
1259 2522 1499 2602 sacerdotum,
1521 2522 1555 2584 iu

353 2627 479 2709 quibus
503 2625 693 2709 Serapidis,
717 2636 753 2692 et
776 2628 844 2692 XII
865 2630 931 2710 3,4
960 2635 1160 2716 Σωσίκρατος
1182 2628 1405 2714 Θαρσιπόλιος
1425 2627 1556 2716 Σαράπο
1649 2695 1650 2700 ,

346 2736 421 2817 Ἴσι,
445 2754 593 2817 quarum
617 2741 769 2818 utraque
792 2739 951 2801 secundo
976 2741 1121 2804 saeculo
1146 2739 1375 2803 attribuenda
1396 2743 1460 2802 est.

452 2845 577 2910 Restat
601 2851 638 2910 ut
655 2846 699 2910 de
716 2847 848 2910 ceteris
864 2847 973 2911 maris
988 2848 1125 2929 Aegaei
1139 2847 1264 2911 insulis
1280 2848 1394 2912 verba
1409 2847 1556 2911 faciam:

351 2954 526 3018 ininsula
549 2953 603 3018 Co
631 2955 825 3018 societates
853 2956 939 3019 deos
963 2955 1159 3037 Aegyptios
1183 2957 1319 3020 colunt:
1349 2956 1462 3019 Paion
1485 2955 1555 3019 and

352 3056 474 3143 Hicks,
510 3063 618 3126 inser.
650 3062 689 3126 of
711 3060 780 3126 Cos
806 3061 890 3142 54,1
928 3088 1016 3127 ...a
1029 3061 1071 3145 [ἁ]
1094 3062 1228 3139 σύνοδος
1245 3061 1552 3148 Ὀσειρι(α)σ[τ]ᾰ(ν1

353 3169 440 3252 [dciv
462 3169 546 3252 ο[ι“ι]ν
570 3168 780 3252 [11]α(σ)1[ιονι
795 3170 943 3252 ΠασΙΙοιν
956 3173 1106 3253 Βαλίχοο
1128 3173 1201 3254 (qui
1216 3177 1362 3253 praeest
1377 3172 1556 3249 societati)

352 3284 388 3343 et
404 3279 651 3360 septendecim
667 3279 756 3342 socii
773 3279 818 3357 (II
835 3298 860 3342 s.
874 3298 905 3344 a.
918 3278 998 3344 Chr.
1010 3282 1070 3361 n.);
1090 3282 1204 3363 primo
1219 3281 1373 3346 fortasse
1389 3299 1423 3362 p.
1435 3280 1516 3346 Chr.
1527 3299 1550 3343 n

351 3391 470 3458 autem
515 3389 661 3452 saeculo
705 3393 940 3472 γυμνασίαρχος
982 3387 1213 3473 Σιραιιιαστᾶν
1257 3393 1556 3454 commemoratur

350 3497 479 3577 (3716);
509 3497 676 3561 videntur
698 3497 783 3560 mihi
806 3497 913 3562 iidem
937 3517 1027 3579 esse,
1059 3499 1119 3580 qui
1141 3504 1251 3562 antea
1273 3496 1473 3564 OsirIastae
1495 3515 1554 3560 no-

351 3606 589 3686 minabantur,
613 3604 707 3686 quod
730 3605 793 3668 tali
815 3606 920 3670 modo
943 3608 1128 3689 explicare
1151 3607 1250 3671 licet:
1274 3607 1430 3671 societas
1453 3607 1557 3668 modo

352 3713 496 3778 condita
541 3714 645 3778 deum
688 3731 775 3777 vere
811 3714 1028 3796 Aegyptium
1070 3715 1212 3779 colebat
1257 3715 1425 3793 (fortasse
1463 3714 1556 3796 quod

350 3823 519 3904 Aegyptii
545 3823 580 3886 In
612 3840 656 3886 ea
685 3823 922 3904 principalem
951 3824 1069 3887 locum
1099 3824 1300 3903 tenebant);
1334 3827 1407 3886 tum
1437 3828 1555 3887 autem

350 3931 465 4012 magis
499 3930 649 3995 Graecis
687 3931 854 3996 studebat
891 3937 927 3996 et
962 3932 1112 3996 formam
1150 3930 1328 3996 Graecam
1365 3931 1459 4022 iliius
1497 3931 1554 3994 dei

353 4040 547 4120 usurpavit.

451 4145 605 4211 Samus:
637 4147 724 4212 Ditt.
747 4145 803 4210 ΙΙΙ
824 4147 887 4211 666
917 4148 964 4227 (ΙΙ
990 4166 1016 4212 s
1041 4166 1071 4213 a.
1096 4148 1177 4213 Chr.
1201 4149 1262 4227 n.):
1296 4147 1436 4239 ’Λχαθη
1464 4143 1554 4237 τύχης

350 4256 439 4333 ἔδοξε
467 4258 505 4344 τῇ
531 4253 629 4345 βουλῇ
657 4258 711 4319 καὶ
740 4253 784 4338 τῷ
814 4249 914 4341 δήμῳ·
949 4253 1101 4332 Φαιστύλος
1125 4260 1217 4321 εἶπεν
1241 4252 1324 4340 ὑπὲρ
1345 4254 1434 4321 οἷνὸ
1460 4255 1558 4339 ἱερεὺς

350 4362 404 4445 τῆς
425 4363 548 4440 Ἴσιδος
568 4364 664 4428 ἔθετο
686 4361 746 4448 την
768 4362 927 4450 ἱκετηρίαν
948 4366 984 4430 ἕν
998 4367 1035 4454 τῇ
1056 4362 1154 4455 βουλῇ
1175 4368 1228 4428 καὶ
1250 4363 1404 4450 ἐγνώσθη
1425 4365 1558 4447 ἔννομος
