3334 5358
825 487 1032 551 -74..

325 689 508 768 Dolemus.
544 689 637 771 qnod
671 687 808 750 initium
840 687 1082 769 inscriptionis
1116 687 1233 766 deest3
1270 685 1334 750 sed
1367 685 1536 750 videmus

322 797 459 862 cultum
481 815 553 860 non
575 796 634 860 diu
656 801 766 862 antea
779 795 985 878 Magnesiae
1009 795 1130 861 fuisse.
1164 795 1423 860 Posterioribus
1447 783 1537 858 tem-

325 905 469 986 poribus
491 904 636 986 Serapis
660 909 696 968 et
710 904 777 968 Isis
800 908 979 986 apparent
1001 904 1036 967 in
1060 905 1210 968 nummis
1227 903 1449 980 Carneadeo,
1473 900 1535 966 Se-

323 1015 402 1078 ueri
424 1013 629 1090 Alexandri,
652 1013 847 1093 Maximini,
871 1011 1040 1077 Gordiani
1063 1011 1169 1091 Pii.⁵¹)
1261 1013 1264 1022 ⁴

323 1109 325 1113 ¹
426 1131 601 1195 Prienae
617 1130 739 1194 fanum
754 1129 1040 1212 inquisitionibus
1056 1129 1261 1193 recentibus
1278 1128 1447 1192 effossum
1463 1131 1534 1190 est:

323 1243 419 1306 inter
440 1241 519 1304 vias
543 1239 675 1304 theatri
697 1245 733 1303 et
749 1239 933 1303 Minervae
953 1238 1053 1302 locus
1069 1237 1242 1318 oblongus
1257 1235 1367 1301 muris
1382 1236 1535 1300 circum-

326 1351 429 1413 datus
459 1353 551 1429 erat,
583 1348 628 1410 ad
659 1365 764 1429 quem
795 1347 930 1410 duobus
961 1347 1061 1410 ostiis
1089 1345 1310 1410 introibatur.
1358 1345 1400 1408 In
1428 1349 1534 1426 parte

322 1459 401 1522 eius
432 1456 704 1539 septentrionali
732 1473 864 1537 magna
894 1473 959 1518 ara
986 1454 1178 1520 aedificata
1206 1453 1536 1535 erat7,3tm1ata

326 1573 362 1630 et
387 1566 477 1646 tino
503 1584 538 1631 m
570 1567 690 1648 longa⁷
714 1565 750 1628 in
772 1582 879 1646 quam
902 1568 1042 1645 septem
1064 1563 1234 1643 gradibus
1257 1561 1534 1626 ascendebatur.

325 1674 419 1738 Ante
443 1691 542 1738 aram
564 1674 673 1754 longa
695 1691 783 1737 area
805 1673 971 1736 vacabat.
1006 1669 1105 1735 Cella
1126 1671 1161 1734 in
1186 1689 1227 1734 eo
1250 1671 1329 1734 loco
1352 1688 1423 1734 non
1445 1676 1535 1733 erat.

326 1783 456 1845 Postea
478 1781 643 1845 introitus
666 1781 759 1846 alter
780 1781 931 1863 propylo
956 1783 1101 1844 ornatus
1125 1783 1180 1842 est
1203 1785 1239 1842 et
1262 1779 1307 1843 ad
1330 1777 1399 1843 hoo
1421 1778 1535 1860 appli-

325 1896 410 1954 cata
443 1893 536 1968 stoa,
572 1907 664 1971 quae
697 1893 809 1952 totum
842 1889 936 1952 latus
971 1889 1116 1952 obtinet.
1159 1887 1294 1952 Fanum
1320 1889 1391 1951 iarn
1424 1888 1532 1951 tertio

326 1999 470 2064 saeculo
503 1999 703 2063 institutum
733 2001 804 2076 est;
835 1997 985 2060 inventa
1014 1997 1109 2060 enim
1142 2000 1198 2060 est
1228 2013 1291 2060 ara
1324 1995 1475 2073 (Inschr.
1498 2013 1534 2058 v,

324 2107 450 2170 Priene
478 2107 600 2185 n.193)
626 2105 743 2181 Ἴσιδος
765 2101 952 2189 Σαράπιδος
979 2102 1187 2186 Ἀνούβιδος,
1219 2122 1311 2184 quae
1339 2104 1423 2168 huic
1446 2109 1534 2168 tem·

325 2215 403 2295 pori
433 2215 646 2279 attribuitur.
690 2213 884 2295 Propylum
913 2217 949 2276 et
976 2221 1055 2276 stoa
1082 2230 1221 2294 quoquc
1255 2217 1340 2276 ante
1368 2217 1533 2294 tempora

325 2322 484 2386 Romana
521 2323 712 2386 aedificata
748 2327 841 2387 sunt.
899 2322 1048 2386 Praeter
1083 2339 1183 2384 aram
1225 2321 1317 2386 duae
1354 2321 1447 2386 aliae
1482 2321 1534 2384 in-

323 2431 540 2512 scrtptiones
563 2431 734 2495 inventae
758 2435 854 2510 sunt,
879 2430 1041 2510 equibus
1064 2431 1180 2494 altera
1195 2448 1259 2494 ara
1274 2431 1358 2493 anni
1379 2429 1455 2494 tere
1474 2431 1534 2494 100

326 2558 355 2603 a.
381 2538 461 2603 Onr.
485 2559 518 2603 n.
545 2537 696 2618 (η.194);
732 2535 760 2620 [ὁ
789 2537 890 2621 δεῖνα]
917 2537 1147 2620 Ξα[νι9ι’πποο]
1175 2537 1342 2622 νεωκοροῖν
1369 2536 1534 2624 Σαράπιδι

319 2646 420 2711 Ἴσιδι
451 2644 626 2728 Ἀνοδβιδι
659 2645 878 2733 ίΑρποιιροῖοει
909 2645 1060 2733 Ἡρακλεῖ
1090 2646 1227 2732 ἀοικήτῳ
1263 2647 1451 2728 (Hercules
1485 2647 1534 2711 ad

326 2755 591 2836 Harpocratem
614 2759 802 2822 adiunctus
825 2764 909 2839 est),
937 2759 1086 2824 alteram
1110 2758 1268 2821 nondum
1289 2756 1423 2836 publici
1445 2756 1533 2820 iuris

324 2865 461 2928 iactam
482 2865 638 2948 benigne
654 2867 769 2930 Hiller
792 2867 836 2930 de
853 2867 1070 2950 (lantringen
1084 2883 1225 2930 meeum
1242 2865 1533 2946 communicavit,

326 2973 427 3036 cuius
456 2974 509 3038 rei
540 2974 597 3038 hic
629 2993 769 3057 quoquo
801 2976 976 3039 maximas
1011 2975 1045 3039 ei
1077 2993 1144 3055 ago
1179 2974 1323 3055 gratias
1371 2973 1453 3036 Mox
1483 2973 1533 3036 in-

324 3081 491 3146 venietur
513 3081 548 3146 in
572 3082 709 3148 Inschr.
734 3101 765 3148 v.
786 3083 914 3146 Priene
938 3102 970 3148 n.
990 3080 1058 3147 195.
1093 3083 1206 3146 Valde
1230 3086 1348 3145 autem
1372 3081 1532 3145 dolemus

327 3191 598 3272 inscriptionem
629 3196 702 3257 tam
731 3192 891 3258 mutilam
921 3195 958 3254 et
984 3191 1200 3272 scripturam
1226 3196 1300 3255 tam
1327 3193 1534 3271 corruptam

328 3317 423 3379 esse,
451 3305 490 3362 ut
516 3300 686 3382 plurimos
712 3301 813 3365 locos
835 3319 905 3364 non
930 3303 1030 3364 certe
1052 3299 1225 3378 legamus.
1269 3299 1333 3362 Est
1355 3298 1535 3362 simillima

326 3408 549 3489 inscriptioni
572 3409 841 3492 Magnesiacae:
868 3407 1091 3490 praecipitur
1112 3407 1302 3485 sacerdoti,
1320 3406 1404 3488 quid
1424 3406 1534 3470 sacri-

322 3516 423 3592 ficet,
457 3517 541 3596 quid
572 3517 617 3581 ab
647 3518 735 3580 urbe
765 3517 938 3598 accipiat,
972 3516 1054 3598 quid
1085 3535 1107 3579 a
1136 3513 1433 3580 sacrificantibus,
1476 3513 1533 3578 In·

321 3623 473 3704 vscriptio
505 3623 605 3689 circa
637 3642 769 3688 annum
801 3625 864 3690 200
897 3625 1033 3707 scripta
1066 3641 1147 3688 osse
1181 3623 1310 3704 fertur;
1347 3623 1393 3687 ad
1425 3623 1533 3688 intro-

326 3731 471 3794 ductum
495 3732 628 3796 cultum
651 3737 807 3816 spectat3
832 3751 913 3798 cum
935 3738 1055 3798 autem
1079 3734 1195 3797 cultus
1217 3733 1289 3796 iam
1304 3731 1410 3796 tertio
1433 3749 1531 3796 saec.

322 3838 373 3901 ibi
395 3839 506 3903 fnisse
529 3840 710 3919 videatur,
741 3859 820 3906 eam
848 3841 894 3905 ad
920 3841 1014 3906 haec
1040 3845 1203 3923 tempora
1228 3840 1400 3922 referam,
1429 3858 1533 3922 prae-

323 3948 449 4010 sertim
472 3967 554 4012 cum
575 3949 718 4015 litterae
741 3968 812 4014 non
835 3950 987 4015 obstent.
1525 3935 1528 3940 ¹

331 4137 333 4144 Α
426 4063 599 4129 Coluntur
632 4066 776 4148 Serapis
809 4067 877 4130 Isis
912 4067 1025 4131 ceteri
1059 4070 1105 4146 (v.
1125 4068 1176 4130 t2:
1214 4063 1376 4150 Σαράπιδι
1407 4067 1460 4129 καὶ
1493 4039 1533 4155 τῇ

320 4170 418 4236 Ἴσιδι
439 4176 492 4236 καὶ
515 4185 582 4250 τοῖς
607 4179 699 4250 θεοῖς
724 4173 803 4256 το[ῑς
828 4171 1038 4256 ουννάοιςῗ]),
1067 4176 1193 4256 quibus
1217 4177 1317 4238 certo
1342 4173 1399 4238 die
1422 4174 1532 4237 sacri-

426 4395 457 4460 ⁵1>
481 4396 543 4449 Cat.
563 4398 596 4449 of
612 4397 659 4450 Gr.
679 4400 771 4464 coins,
793 4398 878 4450 tonia
898 4401 1006 4463 reate
1032 4371 1086 4464 rai,
1099 4403 1139 4452 et.
1168 4404 1220 4464 no,
1233 4404 1278 4461 an
1299 4404 1340 4452 93.
