<?xml version="1.0" encoding="UTF-8"?>
<!DOCTYPE html PUBLIC "-//W3C//DTD XHTML 1.0 Transitional//EN"
    "http://www.w3.org/TR/xhtml1/DTD/xhtml1-transitional.dtd">
<html xmlns="http://www.w3.org/1999/xhtml" xml:lang="en" lang="en">
 <head>
  <title>
</title>
<meta http-equiv="Content-Type" content="text/html;charset=utf-8" />
  <meta name='ocr-system' content='tesseract 3.04.00' />
  <meta name='ocr-capabilities' content='ocr_page ocr_carea ocr_par ocr_line ocrx_word'/>
</head>
<body>
  <div class='ocr_page' id='page_1' title='image "./deserapideetisi00ruscgoog_0040.png"; bbox 0 0 3334 5358; ppageno 0'>
   <div class='ocr_carea' id='block_1_1' title="bbox 595 523 804 588">
    <p class='ocr_par' dir='ltr' id='par_1_1' title="bbox 595 523 804 588">
     <span class='ocr_line' id='line_1_1' title="bbox 595 523 804 588; baseline 0.014 -21"><span class='ocrx_word' id='word_1_1' title='bbox 595 523 804 588; x_wconf 62' lang='lat'>-33„</span> 
     </span>
    </p>
   </div>
   <div class='ocr_carea' id='block_1_2' title="bbox 95 719 1308 1996">
    <p class='ocr_par' dir='ltr' id='par_1_2' title="bbox 95 719 1308 1996">
     <span class='ocr_line' id='line_1_2' title="bbox 96 719 1305 811; baseline 0.002 -26"><span class='ocrx_word' id='word_1_2' title='bbox 96 721 185 787; x_wconf 75' lang='grc' dir='ltr'>θεὰν</span> <span class='ocrx_word' id='word_1_3' title='bbox 209 723 240 800; x_wconf 89' lang='lat' dir='ltr'>(i.</span> <span class='ocrx_word' id='word_1_4' title='bbox 262 741 291 787; x_wconf 88' lang='lat' dir='ltr'>e.</span> <span class='ocrx_word' id='word_1_5' title='bbox 315 724 498 806; x_wconf 76' lang='grc' dir='ltr'>Βερενίκην)</span> <span class='ocrx_word' id='word_1_6' title='bbox 519 719 600 804; x_wconf 82' lang='grc' dir='ltr'>μετὰ</span> <span class='ocrx_word' id='word_1_7' title='bbox 623 719 681 787; x_wconf 76' lang='grc' dir='ltr'>τοῦ</span> <span class='ocrx_word' id='word_1_8' title='bbox 701 720 845 806; x_wconf 81' lang='grc' dir='ltr'><strong><em>Ὀσίριος</em></strong></span> <span class='ocrx_word' id='word_1_9' title='bbox 866 725 901 788; x_wconf 81' lang='grc' dir='ltr'>ἐν</span> <span class='ocrx_word' id='word_1_10' title='bbox 923 719 968 804; x_wconf 73' lang='lat' dir='ltr'>roi</span> <span class='ocrx_word' id='word_1_11' title='bbox 989 724 1025 788; x_wconf 74' lang='grc' dir='ltr'>ἐν</span> <span class='ocrx_word' id='word_1_12' title='bbox 1049 722 1200 808; x_wconf 76' lang='grc' dir='ltr'><strong><em>Κανώπῳ</em></strong></span> <span class='ocrx_word' id='word_1_13' title='bbox 1223 723 1305 811; x_wconf 73' lang='grc' dir='ltr'><strong><em>ἳερῳ,</em></strong></span> 
     </span>
     <span class='ocr_line' id='line_1_3' title="bbox 96 828 1306 917; baseline 0.001 -22"><span class='ocrx_word' id='word_1_14' title='bbox 96 829 115 895; x_wconf 80' lang='grc' dir='ltr'>ὅ</span> <span class='ocrx_word' id='word_1_15' title='bbox 138 829 179 895; x_wconf 80' lang='grc' dir='ltr'>οὗ</span> <span class='ocrx_word' id='word_1_16' title='bbox 200 828 306 912; x_wconf 82' lang='grc' dir='ltr'><strong><em>μόνον</em></strong></span> <span class='ocrx_word' id='word_1_17' title='bbox 327 831 363 894; x_wconf 75' lang='grc' dir='ltr'>ἐν</span> <span class='ocrx_word' id='word_1_18' title='bbox 383 841 450 905; x_wconf 76' lang='grc' dir='ltr'><strong><em>τοῖς</em></strong></span> <span class='ocrx_word' id='word_1_19' title='bbox 471 828 613 916; x_wconf 75' lang='grc' dir='ltr'><strong><em>πρώτοις</em></strong></span> <span class='ocrx_word' id='word_1_20' title='bbox 635 831 730 917; x_wconf 74' lang='grc' dir='ltr'><strong><em>ἱεροῖς</em></strong></span> <span class='ocrx_word' id='word_1_21' title='bbox 749 833 838 896; x_wconf 77' lang='grc' dir='ltr'><strong><em>ἐστιν</em></strong></span> <span class='ocrx_word' id='word_1_22' title='bbox 860 829 1019 897; x_wconf 75' lang='grc' dir='ltr'><strong><em>ἀλλὰκαὶ</em></strong></span> <span class='ocrx_word' id='word_1_23' title='bbox 1042 829 1112 898; x_wconf 79' lang='grc' dir='ltr'>ἀπὸ</span> <span class='ocrx_word' id='word_1_24' title='bbox 1137 837 1195 898; x_wconf 83' lang='grc' dir='ltr'>τοῦ</span> <span class='ocrx_word' id='word_1_25' title='bbox 1217 837 1306 914; x_wconf 71' lang='grc' dir='ltr'><strong><em>βασι·</em></strong></span> 
     </span>
     <span class='ocr_line' id='line_1_4' title="bbox 95 935 1307 1026; baseline 0.002 -23"><span class='ocrx_word' id='word_1_26' title='bbox 95 939 176 1015; x_wconf 80' lang='grc' dir='ltr'><strong><em>λέως</em></strong></span> <span class='ocrx_word' id='word_1_27' title='bbox 196 945 250 1004; x_wconf 80' lang='grc' dir='ltr'>καὶ</span> <span class='ocrx_word' id='word_1_28' title='bbox 272 936 338 1004; x_wconf 79' lang='grc' dir='ltr'>τῶν</span> <span class='ocrx_word' id='word_1_29' title='bbox 358 935 441 1004; x_wconf 77' lang='grc' dir='ltr'>κατὰ</span> <span class='ocrx_word' id='word_1_30' title='bbox 460 937 519 1022; x_wconf 82' lang='grc' dir='ltr'>τὴν</span> <span class='ocrx_word' id='word_1_31' title='bbox 537 937 648 1026; x_wconf 72' lang='grc' dir='ltr'><strong><em>χώραν</em></strong></span> <span class='ocrx_word' id='word_1_32' title='bbox 662 937 798 1004; x_wconf 82' lang='grc' dir='ltr'><strong><em>πάντων</em></strong></span> <span class='ocrx_word' id='word_1_33' title='bbox 812 941 848 1005; x_wconf 77' lang='grc' dir='ltr'>ἐν</span> <span class='ocrx_word' id='word_1_34' title='bbox 861 951 929 1015; x_wconf 79' lang='grc' dir='ltr'><strong><em>τοῖς</em></strong></span> <span class='ocrx_word' id='word_1_35' title='bbox 948 939 1091 1024; x_wconf 76' lang='grc' dir='ltr'><strong><em>μάλιστα</em></strong></span> <span class='ocrx_word' id='word_1_36' title='bbox 1112 946 1307 1023; x_wconf 81' lang='grc' dir='ltr'><strong><em>τιμωμένοις</em></strong></span> 
     </span>
     <span class='ocr_line' id='line_1_5' title="bbox 95 1045 1306 1135; baseline 0.001 -22"><span class='ocrx_word' id='word_1_37' title='bbox 95 1045 237 1134; x_wconf 78' lang='grc' dir='ltr'><strong><em>ὑπάρχει</em></strong></span> <span class='ocrx_word' id='word_1_38' title='bbox 257 1051 310 1112; x_wconf 80' lang='grc' dir='ltr'>καὶ</span> <span class='ocrx_word' id='word_1_39' title='bbox 334 1045 349 1129; x_wconf 70' lang='grc' dir='ltr'><strong>ἦ</strong></span> <span class='ocrx_word' id='word_1_40' title='bbox 373 1045 527 1132; x_wconf 78' lang='grc' dir='ltr'><em>ἀναγωγὴ</em></span> <span class='ocrx_word' id='word_1_41' title='bbox 547 1051 605 1113; x_wconf 76' lang='grc' dir='ltr'>τοῦ</span> <span class='ocrx_word' id='word_1_42' title='bbox 627 1047 711 1132; x_wconf 74' lang='grc' dir='ltr'><strong><em>ἱεροῦ</em></strong></span> <span class='ocrx_word' id='word_1_43' title='bbox 733 1049 851 1114; x_wconf 78' lang='grc' dir='ltr'><strong><em>πλοίου</em></strong></span> <span class='ocrx_word' id='word_1_44' title='bbox 875 1047 933 1114; x_wconf 80' lang='grc' dir='ltr'>τοῦ</span> <span class='ocrx_word' id='word_1_45' title='bbox 956 1047 1117 1135; x_wconf 81' lang='grc' dir='ltr'><strong><em>Ὀσοίρεος</em></strong></span> <span class='ocrx_word' id='word_1_46' title='bbox 1142 1052 1188 1125; x_wconf 73' lang='grc' dir='ltr'><strong><em>εἰς</em></strong></span> <span class='ocrx_word' id='word_1_47' title='bbox 1208 1045 1306 1114; x_wconf 77' lang='grc' dir='ltr'><strong><em>τοῦτο</em></strong></span> 
     </span>
     <span class='ocr_line' id='line_1_6' title="bbox 96 1154 1306 1241; baseline 0.003 -21"><span class='ocrx_word' id='word_1_48' title='bbox 96 1156 134 1222; x_wconf 75' lang='grc' dir='ltr'>τό</span> <span class='ocrx_word' id='word_1_49' title='bbox 152 1155 243 1240; x_wconf 75' lang='grc' dir='ltr'><strong><em>ἱερὸν</em></strong></span> <span class='ocrx_word' id='word_1_50' title='bbox 264 1154 336 1221; x_wconf 75' lang='grc' dir='ltr'>κατ’</span> <span class='ocrx_word' id='word_1_51' title='bbox 353 1156 508 1222; x_wconf 78' lang='grc' dir='ltr'><strong><em>ἐνιαυτὸν</em></strong></span> <span class='ocrx_word' id='word_1_52' title='bbox 529 1163 661 1239; x_wconf 80' lang='grc' dir='ltr'><strong><em>γίνεται.</em></strong></span> <span class='ocrx_word' id='word_1_53' title='bbox 696 1155 799 1238; x_wconf 82' lang='lat' dir='ltr'>Quod</span> <span class='ocrx_word' id='word_1_54' title='bbox 815 1159 987 1240; x_wconf 91' lang='lat' dir='ltr'>templum</span> <span class='ocrx_word' id='word_1_55' title='bbox 1009 1159 1103 1224; x_wconf 89' lang='lat' dir='ltr'>idem</span> <span class='ocrx_word' id='word_1_56' title='bbox 1120 1163 1175 1224; x_wconf 87' lang='lat' dir='ltr'>est</span> <span class='ocrx_word' id='word_1_57' title='bbox 1198 1164 1306 1241; x_wconf 89' lang='lat' dir='ltr'>atque</span> 
     </span>
     <span class='ocr_line' id='line_1_7' title="bbox 97 1263 1306 1350; baseline 0.003 -22"><span class='ocrx_word' id='word_1_58' title='bbox 97 1263 282 1348; x_wconf 82' lang='lat' dir='ltr'>Serapidis</span> <span class='ocrx_word' id='word_1_59' title='bbox 309 1283 331 1330; x_wconf 89' lang='lat' dir='ltr'>a</span> <span class='ocrx_word' id='word_1_60' title='bbox 357 1263 532 1331; x_wconf 84' lang='lat' dir='ltr'><strong>Strabone</strong></span> <span class='ocrx_word' id='word_1_61' title='bbox 560 1273 876 1332; x_wconf 89' lang='lat' dir='ltr'>commemoratum</span> <span class='ocrx_word' id='word_1_62' title='bbox 912 1267 1024 1343; x_wconf 90' lang='lat' dir='ltr'>(XVII</span> <span class='ocrx_word' id='word_1_63' title='bbox 1051 1267 1137 1349; x_wconf 87' lang='grc'>801),</span> <span class='ocrx_word' id='word_1_64' title='bbox 1170 1268 1207 1332; x_wconf 92' lang='lat' dir='ltr'>in</span> <span class='ocrx_word' id='word_1_65' title='bbox 1236 1285 1306 1350; x_wconf 93' lang='lat' dir='ltr'>quo</span> 
     </span>
     <span class='ocr_line' id='line_1_8' title="bbox 98 1373 1307 1460; baseline 0.004 -24"><span class='ocrx_word' id='word_1_66' title='bbox 98 1373 188 1436; x_wconf 91' lang='lat' dir='ltr'>deus</span> <span class='ocrx_word' id='word_1_67' title='bbox 217 1374 375 1456; x_wconf 82' lang='lat' dir='ltr'><strong>aegrotis</strong></span> <span class='ocrx_word' id='word_1_68' title='bbox 401 1391 468 1456; x_wconf 88' lang='lat' dir='ltr'>per</span> <span class='ocrx_word' id='word_1_69' title='bbox 494 1375 632 1439; x_wconf 88' lang='lat' dir='ltr'>somnia</span> <span class='ocrx_word' id='word_1_70' title='bbox 659 1375 877 1440; x_wconf 87' lang='lat' dir='ltr'>medebatur.</span> <span class='ocrx_word' id='word_1_71' title='bbox 921 1375 1048 1458; x_wconf 90' lang='lat' dir='ltr'>Itaque</span> <span class='ocrx_word' id='word_1_72' title='bbox 1076 1375 1213 1440; x_wconf 84' lang='lat' dir='ltr'>factum</span> <span class='ocrx_word' id='word_1_73' title='bbox 1241 1381 1307 1460; x_wconf 82' lang='lat' dir='ltr'>est,</span> 
     </span>
     <span class='ocr_line' id='line_1_9' title="bbox 98 1482 1308 1567; baseline 0.002 -22"><span class='ocrx_word' id='word_1_74' title='bbox 98 1487 137 1546; x_wconf 94' lang='lat' dir='ltr'>ut</span> <span class='ocrx_word' id='word_1_75' title='bbox 164 1483 253 1546; x_wconf 89' lang='lat' dir='ltr'>deus</span> <span class='ocrx_word' id='word_1_76' title='bbox 280 1482 389 1547; x_wconf 90' lang='lat' dir='ltr'>etiam</span> <span class='ocrx_word' id='word_1_77' title='bbox 416 1483 501 1546; x_wconf 89' lang='lat' dir='ltr'>alibi</span> <span class='ocrx_word' id='word_1_78' title='bbox 529 1483 595 1547; x_wconf 89' lang='lat' dir='ltr'>hoc</span> <span class='ocrx_word' id='word_1_79' title='bbox 623 1483 810 1564; x_wconf 55' lang='lat' dir='ltr'>nominee)</span> <span class='ocrx_word' id='word_1_80' title='bbox 838 1485 1019 1549; x_wconf 80' lang='lat' dir='ltr'>coleretur</span> <span class='ocrx_word' id='word_1_81' title='bbox 1045 1503 1174 1567; x_wconf 83' lang='lat' dir='ltr'>nempe</span> <span class='ocrx_word' id='word_1_82' title='bbox 1202 1485 1308 1550; x_wconf 88' lang='lat' dir='ltr'>simili</span> 
     </span>
     <span class='ocr_line' id='line_1_10' title="bbox 98 1589 1307 1673; baseline 0.004 -20"><span class='ocrx_word' id='word_1_83' title='bbox 98 1592 206 1654; x_wconf 92' lang='lat' dir='ltr'>modo</span> <span class='ocrx_word' id='word_1_84' title='bbox 227 1609 296 1671; x_wconf 91' lang='lat' dir='ltr'>quo</span> <span class='ocrx_word' id='word_1_85' title='bbox 313 1589 462 1656; x_wconf 87' lang='lat' dir='ltr'>Canobi:</span> <span class='ocrx_word' id='word_1_86' title='bbox 486 1589 705 1673; x_wconf 90' lang='lat' dir='ltr'>Carthagine</span> <span class='ocrx_word' id='word_1_87' title='bbox 729 1591 835 1672; x_wconf 88' lang='lat' dir='ltr'>(CIL</span> <span class='ocrx_word' id='word_1_88' title='bbox 852 1591 933 1656; x_wconf 90' lang='lat' dir='ltr'>VIII</span> <span class='ocrx_word' id='word_1_89' title='bbox 951 1593 1043 1672; x_wconf 78' lang='lat'>100³)</span> <span class='ocrx_word' id='word_1_90' title='bbox 1066 1593 1307 1658; x_wconf 83' lang='lat' dir='ltr'>Alexandriae</span> 
     </span>
     <span class='ocr_line' id='line_1_11' title="bbox 101 1696 1308 1781; baseline 0.004 -20"><span class='ocrx_word' id='word_1_91' title='bbox 101 1696 140 1776; x_wconf 88' lang='lat' dir='ltr'>(C</span> <span class='ocrx_word' id='word_1_92' title='bbox 153 1697 215 1762; x_wconf 79' lang='lat' dir='ltr'>Id</span> <span class='ocrx_word' id='word_1_93' title='bbox 237 1696 333 1776; x_wconf 73' lang='lat'>4683)</span> <span class='ocrx_word' id='word_1_94' title='bbox 357 1698 489 1763; x_wconf 88' lang='lat' dir='ltr'>Romae</span> <span class='ocrx_word' id='word_1_95' title='bbox 513 1699 610 1778; x_wconf 89' lang='lat' dir='ltr'>(XIV</span> <span class='ocrx_word' id='word_1_96' title='bbox 628 1701 733 1781; x_wconf 89' lang='grc'>1030);</span> <span class='ocrx_word' id='word_1_97' title='bbox 755 1701 807 1764; x_wconf 84' lang='lat' dir='ltr'>ia</span> <span class='ocrx_word' id='word_1_98' title='bbox 829 1701 936 1764; x_wconf 88' lang='lat' dir='ltr'>etiam</span> <span class='ocrx_word' id='word_1_99' title='bbox 953 1699 1113 1766; x_wconf 84' lang='lat' dir='ltr'>Corinthi</span> <span class='ocrx_word' id='word_1_100' title='bbox 1135 1702 1172 1766; x_wconf 91' lang='lat' dir='ltr'>in</span> <span class='ocrx_word' id='word_1_101' title='bbox 1194 1703 1308 1768; x_wconf 88' lang='lat' dir='ltr'>altero</span> 
     </span>
     <span class='ocr_line' id='line_1_12' title="bbox 101 1807 1308 1893; baseline 0.004 -24"><span class='ocrx_word' id='word_1_102' title='bbox 101 1807 237 1888; x_wconf 92' lang='lat' dir='ltr'>templo</span> <span class='ocrx_word' id='word_1_103' title='bbox 265 1807 466 1887; x_wconf 84' lang='lat' dir='ltr'>colebatur3</span> <span class='ocrx_word' id='word_1_104' title='bbox 500 1808 654 1873; x_wconf 82' lang='lat' dir='ltr'>fortasse</span> <span class='ocrx_word' id='word_1_105' title='bbox 681 1809 789 1892; x_wconf 89' lang='lat' dir='ltr'>igitur</span> <span class='ocrx_word' id='word_1_106' title='bbox 819 1809 927 1874; x_wconf 89' lang='lat' dir='ltr'>etiam</span> <span class='ocrx_word' id='word_1_107' title='bbox 957 1810 1005 1873; x_wconf 93' lang='lat' dir='ltr'>ibi</span> <span class='ocrx_word' id='word_1_108' title='bbox 1035 1810 1123 1874; x_wconf 89' lang='lat' dir='ltr'>deus</span> <span class='ocrx_word' id='word_1_109' title='bbox 1151 1811 1308 1893; x_wconf 80' lang='lat' dir='ltr'>aegrotis</span> 
     </span>
     <span class='ocr_line' id='line_1_13' title="bbox 101 1917 571 1996; baseline 0.004 -17"><span class='ocrx_word' id='word_1_110' title='bbox 101 1933 168 1996; x_wconf 90' lang='lat' dir='ltr'>per</span> <span class='ocrx_word' id='word_1_111' title='bbox 191 1917 330 1980; x_wconf 88' lang='lat' dir='ltr'>somnia</span> <span class='ocrx_word' id='word_1_112' title='bbox 351 1917 571 1982; x_wconf 88' lang='lat' dir='ltr'>medebatur.</span> 
     </span>
    </p>
   </div>
   <div class='ocr_carea' id='block_1_3' title="bbox 102 2041 1310 2666">
    <p class='ocr_par' dir='ltr' id='par_1_3' title="bbox 102 2041 1310 2666">
     <span class='ocr_line' id='line_1_14' title="bbox 203 2041 1309 2108; baseline 0.003 -4"><span class='ocrx_word' id='word_1_113' title='bbox 203 2041 355 2106; x_wconf 87' lang='lat' dir='ltr'>Praeter</span> <span class='ocrx_word' id='word_1_114' title='bbox 386 2042 479 2106; x_wconf 89' lang='lat' dir='ltr'>haec</span> <span class='ocrx_word' id='word_1_115' title='bbox 513 2041 598 2106; x_wconf 86' lang='lat' dir='ltr'>fana</span> <span class='ocrx_word' id='word_1_116' title='bbox 634 2043 680 2106; x_wconf 86' lang='lat' dir='ltr'>ad</span> <span class='ocrx_word' id='word_1_117' title='bbox 712 2060 835 2106; x_wconf 89' lang='lat' dir='ltr'>arcem</span> <span class='ocrx_word' id='word_1_118' title='bbox 868 2043 939 2106; x_wconf 89' lang='lat' dir='ltr'>sita</span> <span class='ocrx_word' id='word_1_119' title='bbox 970 2041 1167 2107; x_wconf 84' lang='lat' dir='ltr'>Pausanias</span> <span class='ocrx_word' id='word_1_120' title='bbox 1201 2043 1309 2108; x_wconf 86' lang='lat' dir='ltr'>etiam</span> 
     </span>
     <span class='ocr_line' id='line_1_15' title="bbox 103 2146 1309 2232; baseline 0.003 -20"><span class='ocrx_word' id='word_1_121' title='bbox 103 2146 301 2214; x_wconf 79' lang='lat' dir='ltr'>Cenchreis</span> <span class='ocrx_word' id='word_1_122' title='bbox 323 2149 429 2213; x_wconf 88' lang='lat' dir='ltr'>Isidis</span> <span class='ocrx_word' id='word_1_123' title='bbox 458 2150 628 2232; x_wconf 88' lang='lat' dir='ltr'>templum</span> <span class='ocrx_word' id='word_1_124' title='bbox 656 2157 912 2215; x_wconf 78' lang='lat' dir='ltr'>commemorat</span> <span class='ocrx_word' id='word_1_125' title='bbox 939 2150 1103 2230; x_wconf 73' lang='lat'>(112,3):</span> <span class='ocrx_word' id='word_1_126' title='bbox 1136 2151 1173 2215; x_wconf 91' lang='lat' dir='ltr'>in</span> <span class='ocrx_word' id='word_1_127' title='bbox 1195 2151 1309 2216; x_wconf 88' lang='lat' dir='ltr'>altero</span> 
     </span>
     <span class='ocr_line' id='line_1_16' title="bbox 102 2256 1307 2341; baseline 0.005 -23"><span class='ocrx_word' id='word_1_128' title='bbox 102 2256 217 2320; x_wconf 91' lang='lat' dir='ltr'>latere</span> <span class='ocrx_word' id='word_1_129' title='bbox 244 2261 368 2338; x_wconf 91' lang='lat' dir='ltr'>portus</span> <span class='ocrx_word' id='word_1_130' title='bbox 397 2275 478 2322; x_wconf 88' lang='lat' dir='ltr'>esse</span> <span class='ocrx_word' id='word_1_131' title='bbox 509 2276 615 2322; x_wconf 88' lang='lat' dir='ltr'>sacra</span> <span class='ocrx_word' id='word_1_132' title='bbox 641 2259 815 2341; x_wconf 85' lang='lat' dir='ltr'>Apollinis</span> <span class='ocrx_word' id='word_1_133' title='bbox 844 2266 880 2322; x_wconf 90' lang='lat' dir='ltr'>et</span> <span class='ocrx_word' id='word_1_134' title='bbox 900 2259 1068 2339; x_wconf 88' lang='lat' dir='ltr'>Veneris;</span> <span class='ocrx_word' id='word_1_135' title='bbox 1100 2256 1183 2323; x_wconf 78' lang='grc' dir='ltr'><strong><em>κατὰ</em></strong></span> <span class='ocrx_word' id='word_1_136' title='bbox 1208 2259 1244 2324; x_wconf 78' lang='grc' dir='ltr'>δὲ</span> <span class='ocrx_word' id='word_1_137' title='bbox 1269 2256 1307 2324; x_wconf 76' lang='grc' dir='ltr'>τό</span> 
     </span>
     <span class='ocr_line' id='line_1_17' title="bbox 103 2363 1309 2458; baseline 0.002 -30"><span class='ocrx_word' id='word_1_138' title='bbox 103 2369 211 2446; x_wconf 73' lang='grc' dir='ltr'><strong><em>ἕτερον</em></strong></span> <span class='ocrx_word' id='word_1_139' title='bbox 229 2369 330 2452; x_wconf 84' lang='grc' dir='ltr'><strong><em>πέρας</em></strong></span> <span class='ocrx_word' id='word_1_140' title='bbox 350 2363 409 2431; x_wconf 72' lang='grc' dir='ltr'>τοῦ</span> <span class='ocrx_word' id='word_1_141' title='bbox 431 2365 558 2449; x_wconf 77' lang='grc' dir='ltr'><strong><em>λιμένος</em></strong></span> <span class='ocrx_word' id='word_1_142' title='bbox 575 2363 792 2458; x_wconf 78' lang='grc' dir='ltr'>ΙἈσιιληπίοιι</span> <span class='ocrx_word' id='word_1_143' title='bbox 813 2371 867 2430; x_wconf 82' lang='grc' dir='ltr'>καὶ</span> <span class='ocrx_word' id='word_1_144' title='bbox 888 2365 1009 2442; x_wconf 81' lang='grc' dir='ltr'><strong><em>Ἴσιδος</em></strong></span> <span class='ocrx_word' id='word_1_145' title='bbox 1031 2363 1113 2454; x_wconf 77' lang='grc' dir='ltr'><strong><em>ἳερά;</em></strong></span> <span class='ocrx_word' id='word_1_146' title='bbox 1136 2367 1173 2430; x_wconf 91' lang='lat' dir='ltr'>in</span> <span class='ocrx_word' id='word_1_147' title='bbox 1192 2368 1309 2431; x_wconf 89' lang='lat' dir='ltr'>medio</span> 
     </span>
     <span class='ocr_line' id='line_1_18' title="bbox 103 2475 1309 2558; baseline 0.002 -21"><span class='ocrx_word' id='word_1_148' title='bbox 103 2479 208 2554; x_wconf 86' lang='lat' dir='ltr'>portu</span> <span class='ocrx_word' id='word_1_149' title='bbox 245 2479 342 2538; x_wconf 87' lang='lat' dir='ltr'>stare</span> <span class='ocrx_word' id='word_1_150' title='bbox 376 2479 533 2539; x_wconf 88' lang='lat' dir='ltr'>statuam</span> <span class='ocrx_word' id='word_1_151' title='bbox 566 2475 723 2558; x_wconf 87' lang='lat' dir='ltr'>Neptuni</span> <span class='ocrx_word' id='word_1_152' title='bbox 759 2477 795 2539; x_wconf 91' lang='lat' dir='ltr'>in</span> <span class='ocrx_word' id='word_1_153' title='bbox 833 2493 977 2557; x_wconf 84' lang='lat' dir='ltr'>aggere.</span> <span class='ocrx_word' id='word_1_154' title='bbox 1032 2475 1136 2540; x_wconf 90' lang='lat' dir='ltr'>Hune</span> <span class='ocrx_word' id='word_1_155' title='bbox 1169 2481 1309 2556; x_wconf 89' lang='lat' dir='ltr'>portum</span> 
     </span>
     <span class='ocr_line' id='line_1_19' title="bbox 104 2581 1310 2666; baseline 0.003 -22"><span class='ocrx_word' id='word_1_156' title='bbox 104 2581 222 2645; x_wconf 87' lang='lat' dir='ltr'>reddit</span> <span class='ocrx_word' id='word_1_157' title='bbox 243 2600 407 2646; x_wconf 90' lang='lat' dir='ltr'>nummus</span> <span class='ocrx_word' id='word_1_158' title='bbox 423 2581 592 2646; x_wconf 85' lang='lat' dir='ltr'>Antonini</span> <span class='ocrx_word' id='word_1_159' title='bbox 607 2583 657 2664; x_wconf 92' lang='lat' dir='ltr'>pii</span> <span class='ocrx_word' id='word_1_160' title='bbox 681 2583 737 2660; x_wconf 91' lang='lat' dir='ltr'>(M.</span> <span class='ocrx_word' id='word_1_161' title='bbox 754 2582 873 2666; x_wconf 88' lang='lat' dir='ltr'>Suppl.</span> <span class='ocrx_word' id='word_1_162' title='bbox 889 2583 937 2646; x_wconf 93' lang='lat' dir='ltr'>IV</span> <span class='ocrx_word' id='word_1_163' title='bbox 952 2584 1002 2666; x_wconf 87' lang='lat'>88,</span> <span class='ocrx_word' id='word_1_164' title='bbox 1018 2584 1094 2664; x_wconf 79' lang='lat'>5933</span> <span class='ocrx_word' id='word_1_165' title='bbox 1118 2584 1310 2665; x_wconf 82' lang='lat' dir='ltr'>imaginem</span> 
     </span>
    </p>
   </div>
   <div class='ocr_carea' id='block_1_4' title="bbox 104 2689 1311 3202">
    <p class='ocr_par' dir='ltr' id='par_1_4' title="bbox 104 2689 1311 3202">
     <span class='ocr_line' id='line_1_20' title="bbox 104 2689 1310 2775; baseline 0.003 -23"><span class='ocrx_word' id='word_1_166' title='bbox 104 2689 234 2754; x_wconf 89' lang='lat' dir='ltr'>bonam</span> <span class='ocrx_word' id='word_1_167' title='bbox 254 2690 317 2754; x_wconf 90' lang='lat' dir='ltr'>dat</span> <span class='ocrx_word' id='word_1_168' title='bbox 331 2690 548 2757; x_wconf 74' lang='lat' dir='ltr'>nita-Blom.</span> <span class='ocrx_word' id='word_1_169' title='bbox 565 2691 666 2758; x_wconf 80' lang='lat' dir='ltr'>Paua.</span> <span class='ocrx_word' id='word_1_170' title='bbox 690 2693 761 2756; x_wconf 89' lang='lat' dir='ltr'>tab.</span> <span class='ocrx_word' id='word_1_171' title='bbox 778 2692 860 2756; x_wconf 89' lang='lat' dir='ltr'>XVI</span> <span class='ocrx_word' id='word_1_172' title='bbox 875 2691 918 2772; x_wconf 85' lang='lat'>6),</span> <span class='ocrx_word' id='word_1_173' title='bbox 942 2693 1001 2774; x_wconf 93' lang='lat' dir='ltr'>qui</span> <span class='ocrx_word' id='word_1_174' title='bbox 1016 2693 1133 2756; x_wconf 89' lang='lat' dir='ltr'>medio</span> <span class='ocrx_word' id='word_1_175' title='bbox 1155 2693 1191 2757; x_wconf 93' lang='lat' dir='ltr'>in</span> <span class='ocrx_word' id='word_1_176' title='bbox 1206 2697 1310 2775; x_wconf 89' lang='lat' dir='ltr'>portu</span> 
     </span>
     <span class='ocr_line' id='line_1_21' title="bbox 106 2781 1311 2884; baseline 0.004 -23"><span class='ocrx_word' id='word_1_177' title='bbox 106 2797 308 2880; x_wconf 91' lang='lat' dir='ltr'>Neptunum</span> <span class='ocrx_word' id='word_1_178' title='bbox 332 2781 489 2863; x_wconf 87' lang='lat' dir='ltr'>ostendit</span> <span class='ocrx_word' id='word_1_179' title='bbox 512 2801 605 2863; x_wconf 90' lang='lat' dir='ltr'>etin</span> <span class='ocrx_word' id='word_1_180' title='bbox 628 2805 779 2882; x_wconf 90' lang='lat' dir='ltr'>utraque</span> <span class='ocrx_word' id='word_1_181' title='bbox 802 2806 905 2884; x_wconf 90' lang='lat' dir='ltr'>parte</span> <span class='ocrx_word' id='word_1_182' title='bbox 932 2803 1057 2866; x_wconf 88' lang='lat' dir='ltr'>ultima</span> <span class='ocrx_word' id='word_1_183' title='bbox 1079 2801 1191 2880; x_wconf 89' lang='lat' dir='ltr'>molis,</span> <span class='ocrx_word' id='word_1_184' title='bbox 1219 2819 1311 2882; x_wconf 89' lang='lat' dir='ltr'>quae</span> 
     </span>
     <span class='ocr_line' id='line_1_22' title="bbox 105 2907 1310 2992; baseline 0.002 -22"><span class='ocrx_word' id='word_1_185' title='bbox 105 2913 246 2988; x_wconf 91' lang='lat' dir='ltr'>portum</span> <span class='ocrx_word' id='word_1_186' title='bbox 269 2907 392 2989; x_wconf 86' lang='lat' dir='ltr'>cingit,</span> <span class='ocrx_word' id='word_1_187' title='bbox 419 2908 601 2990; x_wconf 89' lang='lat' dir='ltr'>templum,</span> <span class='ocrx_word' id='word_1_188' title='bbox 630 2927 675 2972; x_wconf 87' lang='lat' dir='ltr'>ex</span> <span class='ocrx_word' id='word_1_189' title='bbox 699 2909 826 2992; x_wconf 91' lang='lat' dir='ltr'>quibus</span> <span class='ocrx_word' id='word_1_190' title='bbox 848 2910 1000 2974; x_wconf 90' lang='lat' dir='ltr'>alterum</span> <span class='ocrx_word' id='word_1_191' title='bbox 1026 2910 1102 2974; x_wconf 90' lang='lat' dir='ltr'>iure</span> <span class='ocrx_word' id='word_1_192' title='bbox 1124 2909 1229 2974; x_wconf 87' lang='lat' dir='ltr'>Isidis</span> <span class='ocrx_word' id='word_1_193' title='bbox 1253 2910 1310 2974; x_wconf 92' lang='lat' dir='ltr'>de-</span> 
     </span>
     <span class='ocr_line' id='line_1_23' title="bbox 107 3013 1309 3098; baseline 0.004 -21"><span class='ocrx_word' id='word_1_194' title='bbox 107 3015 275 3098; x_wconf 89' lang='lat' dir='ltr'>signatur.</span> <span class='ocrx_word' id='word_1_195' title='bbox 320 3013 422 3094; x_wconf 78' lang='lat' dir='ltr'>Quae</span> <span class='ocrx_word' id='word_1_196' title='bbox 449 3015 516 3080; x_wconf 88' lang='lat' dir='ltr'>Isis</span> <span class='ocrx_word' id='word_1_197' title='bbox 551 3017 627 3080; x_wconf 89' lang='lat' dir='ltr'>sine</span> <span class='ocrx_word' id='word_1_198' title='bbox 662 3017 767 3082; x_wconf 92' lang='lat' dir='ltr'>dubio</span> <span class='ocrx_word' id='word_1_199' title='bbox 794 3018 924 3082; x_wconf 87' lang='lat' dir='ltr'>Pharia</span> <span class='ocrx_word' id='word_1_200' title='bbox 953 3024 1009 3082; x_wconf 91' lang='lat' dir='ltr'>est</span> <span class='ocrx_word' id='word_1_201' title='bbox 1042 3017 1102 3087; x_wconf 84' lang='lat' dir='ltr'>(cl.</span> <span class='ocrx_word' id='word_1_202' title='bbox 1128 3035 1309 3082; x_wconf 91' lang='lat' dir='ltr'>nummum</span> 
     </span>
     <span class='ocr_line' id='line_1_24' title="bbox 107 3122 606 3202; baseline 0.008 -17"><span class='ocrx_word' id='word_1_203' title='bbox 107 3122 279 3186; x_wconf 90' lang='lat' dir='ltr'>Hadriani</span> <span class='ocrx_word' id='word_1_204' title='bbox 302 3131 412 3188; x_wconf 87' lang='lat' dir='ltr'>antea</span> <span class='ocrx_word' id='word_1_205' title='bbox 435 3125 606 3202; x_wconf 84' lang='lat' dir='ltr'>citatum).</span> 
     </span>
    </p>
   </div>
   <div class='ocr_carea' id='block_1_5' title="bbox 106 3256 1312 3991">
    <p class='ocr_par' dir='ltr' id='par_1_5' title="bbox 106 3256 1312 3991">
     <span class='ocr_line' id='line_1_25' title="bbox 206 3256 1310 3344; baseline 0.003 -24"><span class='ocrx_word' id='word_1_206' title='bbox 206 3256 284 3321; x_wconf 93' lang='lat' dir='ltr'>Hoc</span> <span class='ocrx_word' id='word_1_207' title='bbox 317 3258 396 3321; x_wconf 89' lang='lat' dir='ltr'>loco</span> <span class='ocrx_word' id='word_1_208' title='bbox 430 3259 588 3323; x_wconf 90' lang='lat' dir='ltr'>narratio</span> <span class='ocrx_word' id='word_1_209' title='bbox 622 3260 815 3323; x_wconf 89' lang='lat' dir='ltr'>tractanda</span> <span class='ocrx_word' id='word_1_210' title='bbox 849 3265 958 3342; x_wconf 86' lang='lat' dir='ltr'>esset,</span> <span class='ocrx_word' id='word_1_211' title='bbox 990 3279 1097 3344; x_wconf 92' lang='lat' dir='ltr'>quam</span> <span class='ocrx_word' id='word_1_212' title='bbox 1129 3259 1310 3341; x_wconf 89' lang='lat' dir='ltr'>Apuleius,</span> 
     </span>
     <span class='ocr_line' id='line_1_26' title="bbox 106 3365 1310 3448; baseline 0.002 -20"><span class='ocrx_word' id='word_1_213' title='bbox 106 3374 186 3428; x_wconf 91' lang='lat' dir='ltr'>met.</span> <span class='ocrx_word' id='word_1_214' title='bbox 202 3365 263 3442; x_wconf 90' lang='lat' dir='ltr'>XI,</span> <span class='ocrx_word' id='word_1_215' title='bbox 283 3365 367 3428; x_wconf 87' lang='lat' dir='ltr'>VIII</span> <span class='ocrx_word' id='word_1_216' title='bbox 382 3384 459 3448; x_wconf 89' lang='lat' dir='ltr'>sqq.</span> <span class='ocrx_word' id='word_1_217' title='bbox 483 3367 528 3430; x_wconf 92' lang='lat' dir='ltr'>de</span> <span class='ocrx_word' id='word_1_218' title='bbox 549 3366 605 3430; x_wconf 92' lang='lat' dir='ltr'>die</span> <span class='ocrx_word' id='word_1_219' title='bbox 626 3367 717 3430; x_wconf 87' lang='lat' dir='ltr'>festo</span> <span class='ocrx_word' id='word_1_220' title='bbox 736 3367 842 3431; x_wconf 90' lang='lat' dir='ltr'>Isidis</span> <span class='ocrx_word' id='word_1_221' title='bbox 859 3367 1056 3433; x_wconf 88' lang='lat' dir='ltr'>Cenchreis</span> <span class='ocrx_word' id='word_1_222' title='bbox 1076 3373 1158 3432; x_wconf 89' lang='lat' dir='ltr'>acto</span> <span class='ocrx_word' id='word_1_223' title='bbox 1177 3371 1310 3432; x_wconf 87' lang='lat' dir='ltr'>narrat.</span> 
     </span>
     <span class='ocr_line' id='line_1_27' title="bbox 106 3471 1309 3556; baseline 0.004 -20"><span class='ocrx_word' id='word_1_224' title='bbox 106 3471 176 3536; x_wconf 87' lang='lat' dir='ltr'>Sed</span> <span class='ocrx_word' id='word_1_225' title='bbox 198 3491 414 3556; x_wconf 91' lang='lat' dir='ltr'>quamquam</span> <span class='ocrx_word' id='word_1_226' title='bbox 436 3475 512 3539; x_wconf 91' lang='lat' dir='ltr'>fieri</span> <span class='ocrx_word' id='word_1_227' title='bbox 534 3476 659 3556; x_wconf 90' lang='lat' dir='ltr'>potuit,</span> <span class='ocrx_word' id='word_1_228' title='bbox 682 3481 721 3540; x_wconf 94' lang='lat' dir='ltr'>ut</span> <span class='ocrx_word' id='word_1_229' title='bbox 742 3477 809 3540; x_wconf 91' lang='lat' dir='ltr'>Isis</span> <span class='ocrx_word' id='word_1_230' title='bbox 831 3477 880 3540; x_wconf 93' lang='lat' dir='ltr'>ibi</span> <span class='ocrx_word' id='word_1_231' title='bbox 902 3477 970 3541; x_wconf 93' lang='lat' dir='ltr'>hoc</span> <span class='ocrx_word' id='word_1_232' title='bbox 993 3477 1098 3541; x_wconf 93' lang='lat' dir='ltr'>modo</span> <span class='ocrx_word' id='word_1_233' title='bbox 1121 3477 1309 3556; x_wconf 86' lang='lat' dir='ltr'>coleretur,</span> 
     </span>
     <span class='ocr_line' id='line_1_28' title="bbox 107 3575 1311 3666; baseline 0.002 -20"><span class='ocrx_word' id='word_1_234' title='bbox 107 3586 226 3646; x_wconf 85' lang='lat' dir='ltr'>tomen</span> <span class='ocrx_word' id='word_1_235' title='bbox 263 3575 457 3648; x_wconf 88' lang='lat' dir='ltr'>tenendum</span> <span class='ocrx_word' id='word_1_236' title='bbox 492 3587 549 3648; x_wconf 89' lang='lat' dir='ltr'>est</span> <span class='ocrx_word' id='word_1_237' title='bbox 584 3583 773 3664; x_wconf 91' lang='lat' dir='ltr'>Apuleium</span> <span class='ocrx_word' id='word_1_238' title='bbox 810 3583 969 3647; x_wconf 83' lang='lat' dir='ltr'>fabulam</span> <span class='ocrx_word' id='word_1_239' title='bbox 1006 3601 1155 3648; x_wconf 87' lang='lat' dir='ltr'>narrare</span> <span class='ocrx_word' id='word_1_240' title='bbox 1191 3602 1311 3666; x_wconf 89' lang='lat' dir='ltr'>neque</span> 
     </span>
     <span class='ocr_line' id='line_1_29' title="bbox 106 3690 1311 3772; baseline 0.002 -18"><span class='ocrx_word' id='word_1_241' title='bbox 106 3690 211 3772; x_wconf 88' lang='lat' dir='ltr'>igitur</span> <span class='ocrx_word' id='word_1_242' title='bbox 255 3691 330 3754; x_wconf 91' lang='lat' dir='ltr'>eius</span> <span class='ocrx_word' id='word_1_243' title='bbox 374 3691 549 3757; x_wconf 91' lang='lat' dir='ltr'>interesse</span> <span class='ocrx_word' id='word_1_244' title='bbox 588 3691 681 3755; x_wconf 91' lang='lat' dir='ltr'>diem</span> <span class='ocrx_word' id='word_1_245' title='bbox 723 3691 856 3756; x_wconf 89' lang='lat' dir='ltr'>festum</span> <span class='ocrx_word' id='word_1_246' title='bbox 895 3710 1026 3757; x_wconf 87' lang='lat' dir='ltr'>revera</span> <span class='ocrx_word' id='word_1_247' title='bbox 1063 3690 1223 3756; x_wconf 90' lang='lat' dir='ltr'>Corinthi</span> <span class='ocrx_word' id='word_1_248' title='bbox 1259 3693 1311 3756; x_wconf 91' lang='lat' dir='ltr'>ita</span> 
     </span>
     <span class='ocr_line' id='line_1_30' title="bbox 107 3800 1311 3882; baseline 0.001 -21"><span class='ocrx_word' id='word_1_249' title='bbox 107 3806 226 3862; x_wconf 89' lang='lat' dir='ltr'>actum</span> <span class='ocrx_word' id='word_1_250' title='bbox 263 3817 360 3881; x_wconf 86' lang='lat' dir='ltr'>esse,</span> <span class='ocrx_word' id='word_1_251' title='bbox 397 3800 461 3864; x_wconf 91' lang='lat' dir='ltr'>sed</span> <span class='ocrx_word' id='word_1_252' title='bbox 497 3804 637 3882; x_wconf 83' lang='lat' dir='ltr'>narrat,</span> <span class='ocrx_word' id='word_1_253' title='bbox 674 3817 766 3881; x_wconf 86' lang='lat' dir='ltr'>quae</span> <span class='ocrx_word' id='word_1_254' title='bbox 804 3817 870 3863; x_wconf 90' lang='lat' dir='ltr'>sua</span> <span class='ocrx_word' id='word_1_255' title='bbox 911 3805 1032 3866; x_wconf 90' lang='lat' dir='ltr'>aetate</span> <span class='ocrx_word' id='word_1_256' title='bbox 1065 3801 1143 3865; x_wconf 87' lang='lat' dir='ltr'>fere</span> <span class='ocrx_word' id='word_1_257' title='bbox 1179 3800 1311 3882; x_wconf 91' lang='lat' dir='ltr'>ubique</span> 
     </span>
     <span class='ocr_line' id='line_1_31' title="bbox 108 3907 1312 3991; baseline 0.004 -23"><span class='ocrx_word' id='word_1_258' title='bbox 108 3912 307 3988; x_wconf 86' lang='lat' dir='ltr'>agerentur.</span> <span class='ocrx_word' id='word_1_259' title='bbox 355 3907 482 3990; x_wconf 90' lang='lat' dir='ltr'>Itaque</span> <span class='ocrx_word' id='word_1_260' title='bbox 513 3926 559 3972; x_wconf 87' lang='lat' dir='ltr'>ex</span> <span class='ocrx_word' id='word_1_261' title='bbox 589 3925 655 3972; x_wconf 93' lang='lat' dir='ltr'>usu</span> <span class='ocrx_word' id='word_1_262' title='bbox 684 3926 765 3972; x_wconf 88' lang='lat' dir='ltr'>esse</span> <span class='ocrx_word' id='word_1_263' title='bbox 791 3911 918 3991; x_wconf 89' lang='lat' dir='ltr'>putavi</span> <span class='ocrx_word' id='word_1_264' title='bbox 944 3910 1040 3974; x_wconf 88' lang='lat' dir='ltr'>hanc</span> <span class='ocrx_word' id='word_1_265' title='bbox 1070 3909 1312 3974; x_wconf 89' lang='lat' dir='ltr'>narrationem</span> 
     </span>
    </p>
   </div>
   <div class='ocr_carea' id='block_1_6' title="bbox 107 4016 1311 4190">
    <p class='ocr_par' dir='ltr' id='par_1_6' title="bbox 107 4016 1311 4190">
     <span class='ocr_line' id='line_1_32' title="bbox 107 4016 1311 4100; baseline 0.003 -22"><span class='ocrx_word' id='word_1_266' title='bbox 107 4033 176 4080; x_wconf 92' lang='lat' dir='ltr'>non</span> <span class='ocrx_word' id='word_1_267' title='bbox 208 4017 267 4081; x_wconf 87' lang='lat' dir='ltr'>hio</span> <span class='ocrx_word' id='word_1_268' title='bbox 301 4017 367 4081; x_wconf 89' lang='lat' dir='ltr'>sed</span> <span class='ocrx_word' id='word_1_269' title='bbox 399 4020 541 4100; x_wconf 86' lang='lat' dir='ltr'>postea,</span> <span class='ocrx_word' id='word_1_270' title='bbox 575 4017 635 4081; x_wconf 91' lang='lat' dir='ltr'>ubi</span> <span class='ocrx_word' id='word_1_271' title='bbox 669 4017 802 4081; x_wconf 93' lang='lat' dir='ltr'>cultum</span> <span class='ocrx_word' id='word_1_272' title='bbox 834 4016 1011 4082; x_wconf 82' lang='lat' dir='ltr'>Graeciae</span> <span class='ocrx_word' id='word_1_273' title='bbox 1047 4018 1311 4100; x_wconf 87' lang='lat' dir='ltr'>comprendam,</span> 
     </span>
     <span class='ocr_line' id='line_1_33' title="bbox 110 4122 247 4190; baseline 0.029 -4"><span class='ocrx_word' id='word_1_274' title='bbox 110 4122 247 4190; x_wconf 89' lang='lat' dir='ltr'>afferre.</span> 
     </span>
    </p>
   </div>
   <div class='ocr_carea' id='block_1_7' title="bbox 110 4267 306 4276">
    <p class='ocr_par' dir='ltr' id='par_1_7' title="bbox 110 4267 306 4276">
     <span class='ocr_line' id='line_1_34' title="bbox 110 4267 306 4276; baseline 0 0"><span class='ocrx_word' id='word_1_275' title='bbox 110 4267 306 4276; x_wconf 36' lang='grc' dir='ltr'>ἣ...-</span> 
     </span>
    </p>
   </div>
   <div class='ocr_carea' id='block_1_8' title="bbox 110 4338 1314 4495">
    <p class='ocr_par' dir='ltr' id='par_1_8' title="bbox 110 4338 1314 4495">
     <span class='ocr_line' id='line_1_35' title="bbox 205 4338 1314 4407; baseline -0.002 -13"><span class='ocrx_word' id='word_1_276' title='bbox 205 4338 237 4403; x_wconf 66' lang='lat'>²²)</span> <span class='ocrx_word' id='word_1_277' title='bbox 256 4338 343 4402; x_wconf 85' lang='lat' dir='ltr'>Quod</span> <span class='ocrx_word' id='word_1_278' title='bbox 361 4354 532 4407; x_wconf 87' lang='lat' dir='ltr'>cognomen</span> <span class='ocrx_word' id='word_1_279' title='bbox 550 4341 592 4393; x_wconf 86' lang='lat' dir='ltr'>ita</span> <span class='ocrx_word' id='word_1_280' title='bbox 610 4341 722 4392; x_wconf 88' lang='lat' dir='ltr'>clarum</span> <span class='ocrx_word' id='word_1_281' title='bbox 742 4345 813 4407; x_wconf 85' lang='lat' dir='ltr'>erat,</span> <span class='ocrx_word' id='word_1_282' title='bbox 840 4344 875 4392; x_wconf 91' lang='lat' dir='ltr'>ut</span> <span class='ocrx_word' id='word_1_283' title='bbox 892 4339 1090 4394; x_wconf 84' lang='lat' dir='ltr'>Callimachus</span> <span class='ocrx_word' id='word_1_284' title='bbox 1110 4340 1173 4392; x_wconf 92' lang='lat' dir='ltr'>solo</span> <span class='ocrx_word' id='word_1_285' title='bbox 1192 4341 1314 4393; x_wconf 89' lang='lat' dir='ltr'>nomine</span> 
     </span>
     <span class='ocr_line' id='line_1_36' title="bbox 110 4421 874 4495; baseline 0.007 -25"><span class='ocrx_word' id='word_1_286' title='bbox 110 4421 142 4488; x_wconf 70' lang='grc' dir='ltr'>ιςῦ</span> <span class='ocrx_word' id='word_1_287' title='bbox 162 4429 303 4495; x_wconf 66' lang='grc' dir='ltr'>κανωπιηι</span> <span class='ocrx_word' id='word_1_288' title='bbox 322 4425 376 4492; x_wconf 70' lang='grc' dir='ltr'>θεῷ</span> <span class='ocrx_word' id='word_1_289' title='bbox 394 4422 529 4490; x_wconf 85' lang='lat' dir='ltr'>Serapim</span> <span class='ocrx_word' id='word_1_290' title='bbox 548 4424 679 4491; x_wconf 90' lang='lat' dir='ltr'>appellet</span> <span class='ocrx_word' id='word_1_291' title='bbox 697 4424 804 4490; x_wconf 88' lang='lat' dir='ltr'>(epigr.</span> <span class='ocrx_word' id='word_1_292' title='bbox 822 4423 874 4490; x_wconf 80' lang='lat'><strong>55).</strong></span> 
     </span>
    </p>
   </div>
   <div class='ocr_carea' id='block_1_9' title="bbox 1109 4558 1125 4608">
    <p class='ocr_par' dir='ltr' id='par_1_9' title="bbox 1109 4558 1125 4608">
     <span class='ocr_line' id='line_1_37' title="bbox 1109 4558 1125 4608; baseline 0 0"><span class='ocrx_word' id='word_1_293' title='bbox 1109 4558 1125 4608; x_wconf 89' lang='grc'>3</span> 
     </span>
    </p>
   </div>
   <div class='ocr_carea' id='block_1_10' title="bbox 0 0 1685 5358">
    <p class='ocr_par' dir='ltr' id='par_1_10' title="bbox 0 0 1685 5358">
     <span class='ocr_line' id='line_1_38' title="bbox 0 0 1685 5358; baseline 0 0"><span class='ocrx_word' id='word_1_294' title='bbox 0 0 1685 5358; x_wconf 95' lang='lat' dir='ltr'> </span> 
     </span>
    </p>
   </div>
  </div>
 </body>
</html>
