<?xml version="1.0" encoding="UTF-8"?>
<!DOCTYPE html PUBLIC "-//W3C//DTD XHTML 1.0 Transitional//EN"
    "http://www.w3.org/TR/xhtml1/DTD/xhtml1-transitional.dtd">
<html xmlns="http://www.w3.org/1999/xhtml" xml:lang="en" lang="en">
 <head>
  <title>
</title>
<meta http-equiv="Content-Type" content="text/html;charset=utf-8" />
  <meta name='ocr-system' content='tesseract 3.04.00' />
  <meta name='ocr-capabilities' content='ocr_page ocr_carea ocr_par ocr_line ocrx_word'/>
</head>
<body>
  <div class='ocr_page' id='page_1' title='image "./deserapideetisi00ruscgoog_0031.png"; bbox 0 0 3334 5358; ppageno 0'>
   <div class='ocr_carea' id='block_1_1' title="bbox 837 495 1045 563">
    <p class='ocr_par' dir='ltr' id='par_1_1' title="bbox 837 495 1045 563">
     <span class='ocr_line' id='line_1_1' title="bbox 837 495 1045 563; baseline 0.005 -19"><span class='ocrx_word' id='word_1_1' title='bbox 837 495 1045 563; x_wconf 82' lang='lat'><strong>-24-</strong></span> 
     </span>
    </p>
   </div>
   <div class='ocr_carea' id='block_1_2' title="bbox 258 699 1557 3396">
    <p class='ocr_par' dir='ltr' id='par_1_2' title="bbox 258 699 1654 3070">
     <span class='ocr_line' id='line_1_2' title="bbox 344 699 1557 782; baseline 0.002 -18"><span class='ocrx_word' id='word_1_2' title='bbox 344 701 384 764; x_wconf 89' lang='lat' dir='ltr'><strong>in</strong></span> <span class='ocrx_word' id='word_1_3' title='bbox 401 700 510 780; x_wconf 85' lang='lat' dir='ltr'><strong>adyto</strong></span> <span class='ocrx_word' id='word_1_4' title='bbox 533 699 614 763; x_wconf 84' lang='lat' dir='ltr'><strong>visa</strong></span> <span class='ocrx_word' id='word_1_5' title='bbox 636 699 828 779; x_wconf 82' lang='lat' dir='ltr'><strong>omnigena</strong></span> <span class='ocrx_word' id='word_1_6' title='bbox 842 699 987 778; x_wconf 87' lang='lat' dir='ltr'><strong>vidisse,</strong></span> <span class='ocrx_word' id='word_1_7' title='bbox 1010 704 1185 766; x_wconf 89' lang='lat' dir='ltr'><strong>mortuum</strong></span> <span class='ocrx_word' id='word_1_8' title='bbox 1202 719 1293 766; x_wconf 89' lang='lat' dir='ltr'><strong>esse.</strong></span> <span class='ocrx_word' id='word_1_9' title='bbox 1330 705 1405 782; x_wconf 80' lang='lat' dir='ltr'><strong>Qua&#39;</strong></span> <span class='ocrx_word' id='word_1_10' title='bbox 1427 703 1557 768; x_wconf 85' lang='lat' dir='ltr'><strong>fabula</strong></span> 
     </span>
     <span class='ocr_line' id='line_1_3' title="bbox 343 808 1555 892; baseline 0.002 -18"><span class='ocrx_word' id='word_1_11' title='bbox 343 810 517 875; x_wconf 81' lang='lat' dir='ltr'><strong>sanctitas</strong></span> <span class='ocrx_word' id='word_1_12' title='bbox 546 809 621 874; x_wconf 88' lang='lat' dir='ltr'><strong>fani</strong></span> <span class='ocrx_word' id='word_1_13' title='bbox 647 811 855 875; x_wconf 89' lang='lat' dir='ltr'><strong>illustratur.</strong></span> <span class='ocrx_word' id='word_1_14' title='bbox 900 808 988 874; x_wconf 82' lang='lat' dir='ltr'><strong>Cum</strong></span> <span class='ocrx_word' id='word_1_15' title='bbox 1014 809 1082 873; x_wconf 87' lang='lat' dir='ltr'><strong>Isis</strong></span> <span class='ocrx_word' id='word_1_16' title='bbox 1116 828 1199 874; x_wconf 89' lang='lat' dir='ltr'><strong>suos</strong></span> <span class='ocrx_word' id='word_1_17' title='bbox 1233 828 1299 892; x_wconf 89' lang='lat' dir='ltr'><strong>per</strong></span> <span class='ocrx_word' id='word_1_18' title='bbox 1331 812 1471 876; x_wconf 90' lang='lat' dir='ltr'><strong>somnia</strong></span> <span class='ocrx_word' id='word_1_19' title='bbox 1502 813 1555 876; x_wconf 90' lang='lat' dir='ltr'><strong>in·</strong></span> 
     </span>
     <span class='ocr_line' id='line_1_4' title="bbox 344 918 1556 1001; baseline 0 -17"><span class='ocrx_word' id='word_1_20' title='bbox 344 921 484 1001; x_wconf 88' lang='lat' dir='ltr'><strong>vitaret,</strong></span> <span class='ocrx_word' id='word_1_21' title='bbox 508 919 723 983; x_wconf 91' lang='lat' dir='ltr'><strong>somniorum</strong></span> <span class='ocrx_word' id='word_1_22' title='bbox 746 919 994 1000; x_wconf 80' lang='lat' dir='ltr'><strong>interpretatio</strong></span> <span class='ocrx_word' id='word_1_23' title='bbox 1015 919 1063 982; x_wconf 92' lang='lat' dir='ltr'><strong>ibi</strong></span> <span class='ocrx_word' id='word_1_24' title='bbox 1083 919 1216 983; x_wconf 88' lang='lat' dir='ltr'><strong>usitata</strong></span> <span class='ocrx_word' id='word_1_25' title='bbox 1238 925 1326 984; x_wconf 87' lang='lat' dir='ltr'><strong>erat.</strong></span> <span class='ocrx_word' id='word_1_26' title='bbox 1362 918 1428 998; x_wconf 82' lang='lat' dir='ltr'><strong>(Of.</strong></span> <span class='ocrx_word' id='word_1_27' title='bbox 1444 921 1556 985; x_wconf 89' lang='lat' dir='ltr'><strong>Athe-</strong></span> 
     </span>
     <span class='ocr_line' id='line_1_5' title="bbox 344 1025 1555 1110; baseline -0.001 -17"><span class='ocrx_word' id='word_1_28' title='bbox 344 1047 410 1093; x_wconf 87' lang='lat' dir='ltr'><strong>nas</strong></span> <span class='ocrx_word' id='word_1_29' title='bbox 433 1034 470 1093; x_wconf 94' lang='lat' dir='ltr'><strong>et</strong></span> <span class='ocrx_word' id='word_1_30' title='bbox 492 1029 631 1093; x_wconf 91' lang='lat' dir='ltr'><strong>Delum.</strong></span> <span class='ocrx_word' id='word_1_31' title='bbox 658 1028 806 1092; x_wconf 81' lang='lat' dir='ltr'><strong>oracula</strong></span> <span class='ocrx_word' id='word_1_32' title='bbox 827 1027 872 1092; x_wconf 85' lang='lat' dir='ltr'><strong>ab</strong></span> <span class='ocrx_word' id='word_1_33' title='bbox 895 1026 989 1092; x_wconf 87' lang='lat' dir='ltr'><strong>Iside</strong></span> <span class='ocrx_word' id='word_1_34' title='bbox 1018 1031 1055 1092; x_wconf 91' lang='lat' dir='ltr'><strong>et</strong></span> <span class='ocrx_word' id='word_1_35' title='bbox 1077 1025 1249 1109; x_wconf 86' lang='lat' dir='ltr'><strong>Serapide</strong></span> <span class='ocrx_word' id='word_1_36' title='bbox 1266 1028 1363 1094; x_wconf 86' lang='lat' dir='ltr'><strong>data</strong></span> <span class='ocrx_word' id='word_1_37' title='bbox 1384 1028 1555 1110; x_wconf 86' lang='lat' dir='ltr'><strong>perhibet</strong></span> 
     </span>
     <span class='ocr_line' id='line_1_6' title="bbox 343 1134 1554 1223; baseline 0 -21"><span class='ocrx_word' id='word_1_38' title='bbox 343 1137 518 1202; x_wconf 82' lang='lat' dir='ltr'><strong>Aristides</strong></span> <span class='ocrx_word' id='word_1_39' title='bbox 553 1135 608 1222; x_wconf 80' lang='grc' dir='ltr'><strong><em>ἳερ.</em></strong></span> <span class='ocrx_word' id='word_1_40' title='bbox 636 1137 703 1217; x_wconf 71' lang='lat' dir='ltr'><strong>toy.</strong></span> <span class='ocrx_word' id='word_1_41' title='bbox 731 1134 764 1218; x_wconf 74' lang='grc' dir='ltr'><strong>γ’</strong></span> <span class='ocrx_word' id='word_1_42' title='bbox 786 1137 841 1217; x_wconf 78' lang='grc'><strong>45;</strong></span> <span class='ocrx_word' id='word_1_43' title='bbox 874 1134 906 1202; x_wconf 82' lang='grc' dir='ltr'><strong>δ’</strong></span> <span class='ocrx_word' id='word_1_44' title='bbox 930 1136 980 1203; x_wconf 77' lang='lat'><strong>97.</strong></span> <span class='ocrx_word' id='word_1_45' title='bbox 1027 1140 1072 1213; x_wconf 76' lang='grc' dir='ltr'><strong>εἰς</strong></span> <span class='ocrx_word' id='word_1_46' title='bbox 1103 1141 1230 1223; x_wconf 79' lang='grc' dir='ltr'><strong><em>Σαραπ.</em></strong></span> <span class='ocrx_word' id='word_1_47' title='bbox 1257 1137 1300 1216; x_wconf 91' lang='lat'><strong>7.)</strong></span> <span class='ocrx_word' id='word_1_48' title='bbox 1348 1137 1554 1203; x_wconf 84' lang='lat' dir='ltr'><strong>Verisimile</strong></span> 
     </span>
     <span class='ocr_line' id='line_1_7' title="bbox 344 1246 1554 1328; baseline 0.001 -17"><span class='ocrx_word' id='word_1_49' title='bbox 344 1251 466 1312; x_wconf 89' lang='lat' dir='ltr'><strong>autem</strong></span> <span class='ocrx_word' id='word_1_50' title='bbox 504 1250 560 1312; x_wconf 89' lang='lat' dir='ltr'><strong>est</strong></span> <span class='ocrx_word' id='word_1_51' title='bbox 594 1247 690 1310; x_wconf 88' lang='lat' dir='ltr'><strong>hano</strong></span> <span class='ocrx_word' id='word_1_52' title='bbox 727 1247 943 1311; x_wconf 91' lang='lat' dir='ltr'><strong>somniorum</strong></span> <span class='ocrx_word' id='word_1_53' title='bbox 983 1246 1317 1328; x_wconf 86' lang='lat' dir='ltr'><strong>interpretationem</strong></span> <span class='ocrx_word' id='word_1_54' title='bbox 1355 1265 1436 1311; x_wconf 88' lang='lat' dir='ltr'><strong>oum</strong></span> <span class='ocrx_word' id='word_1_55' title='bbox 1473 1251 1554 1312; x_wconf 89' lang='lat' dir='ltr'><strong>arte</strong></span> 
     </span>
     <span class='ocr_line' id='line_1_8' title="bbox 345 1355 919 1420; baseline -0.003 0"><span class='ocrx_word' id='word_1_56' title='bbox 345 1355 524 1420; x_wconf 81' lang='lat' dir='ltr'><strong>medicina</strong></span> <span class='ocrx_word' id='word_1_57' title='bbox 547 1355 776 1419; x_wconf 81' lang='lat' dir='ltr'><strong>coniunctam</strong></span> <span class='ocrx_word' id='word_1_58' title='bbox 798 1355 919 1420; x_wconf 83' lang='lat' dir='ltr'><strong>fuisse.</strong></span> 
     </span>
     <span class='ocr_line' id='line_1_9' title="bbox 362 1463 1553 1546; baseline 0.002 -19"><span class='ocrx_word' id='word_1_59' title='bbox 362 1485 378 1496; x_wconf 43' lang='lat'><strong>¹*</strong></span> <span class='ocrx_word' id='word_1_60' title='bbox 444 1463 532 1528; x_wconf 91' lang='lat' dir='ltr'><strong>Dies</strong></span> <span class='ocrx_word' id='word_1_61' title='bbox 549 1463 632 1530; x_wconf 88' lang='lat' dir='ltr'><strong>festi</strong></span> <span class='ocrx_word' id='word_1_62' title='bbox 649 1467 686 1527; x_wconf 91' lang='lat' dir='ltr'><strong>et</strong></span> <span class='ocrx_word' id='word_1_63' title='bbox 699 1481 788 1527; x_wconf 89' lang='lat' dir='ltr'><strong>vere</strong></span> <span class='ocrx_word' id='word_1_64' title='bbox 804 1467 841 1528; x_wconf 92' lang='lat' dir='ltr'><strong>et</strong></span> <span class='ocrx_word' id='word_1_65' title='bbox 856 1467 1025 1528; x_wconf 90' lang='lat' dir='ltr'><strong>autumno</strong></span> <span class='ocrx_word' id='word_1_66' title='bbox 1042 1463 1225 1544; x_wconf 88' lang='lat' dir='ltr'><strong>celebrati,</strong></span> <span class='ocrx_word' id='word_1_67' title='bbox 1248 1481 1335 1546; x_wconf 93' lang='lat' dir='ltr'><strong>quos</strong></span> <span class='ocrx_word' id='word_1_68' title='bbox 1351 1464 1553 1529; x_wconf 86' lang='lat' dir='ltr'><strong>Pausanias</strong></span> 
     </span>
     <span class='ocr_line' id='line_1_10' title="bbox 346 1569 1553 1652; baseline -0.001 -15"><span class='ocrx_word' id='word_1_69' title='bbox 346 1573 528 1650; x_wconf 85' lang='lat' dir='ltr'><strong>describit,</strong></span> <span class='ocrx_word' id='word_1_70' title='bbox 563 1573 810 1640; x_wconf 87' lang='lat' dir='ltr'><strong>demonstrant</strong></span> <span class='ocrx_word' id='word_1_71' title='bbox 831 1573 941 1637; x_wconf 89' lang='lat' dir='ltr'><strong>Isidis.</strong></span> <span class='ocrx_word' id='word_1_72' title='bbox 971 1573 1103 1636; x_wconf 77' lang='lat' dir='ltr'><strong>cultum</strong></span> <span class='ocrx_word' id='word_1_73' title='bbox 1136 1572 1185 1637; x_wconf 88' lang='lat' dir='ltr'><strong>ibi</strong></span> <span class='ocrx_word' id='word_1_74' title='bbox 1214 1569 1398 1652; x_wconf 65' lang='lat' dir='ltr'><strong>circuiretur</strong></span> <span class='ocrx_word' id='word_1_75' title='bbox 1427 1575 1553 1639; x_wconf 82' lang='lat' dir='ltr'><strong>fuisse.</strong></span> 
     </span>
     <span class='ocr_line' id='line_1_11' title="bbox 344 1681 1553 1764; baseline 0.001 -19"><span class='ocrx_word' id='word_1_76' title='bbox 344 1682 435 1746; x_wconf 91' lang='lat' dir='ltr'><strong>Nam</strong></span> <span class='ocrx_word' id='word_1_77' title='bbox 458 1699 538 1746; x_wconf 90' lang='lat' dir='ltr'><strong>oum</strong></span> <span class='ocrx_word' id='word_1_78' title='bbox 560 1699 690 1764; x_wconf 85' lang='lat' dir='ltr'><strong>magno</strong></span> <span class='ocrx_word' id='word_1_79' title='bbox 714 1685 876 1746; x_wconf 83' lang='lat' dir='ltr'><strong>mercatu</strong></span> <span class='ocrx_word' id='word_1_80' title='bbox 899 1681 1079 1746; x_wconf 81' lang='lat' dir='ltr'><strong>coniuncti</strong></span> <span class='ocrx_word' id='word_1_81' title='bbox 1107 1684 1198 1747; x_wconf 90' lang='lat' dir='ltr'><strong>sunt.</strong></span> <span class='ocrx_word' id='word_1_82' title='bbox 1238 1681 1362 1746; x_wconf 83' lang='lat' dir='ltr'><strong>Feriae</strong></span> <span class='ocrx_word' id='word_1_83' title='bbox 1386 1700 1452 1764; x_wconf 89' lang='lat' dir='ltr'><strong>per</strong></span> <span class='ocrx_word' id='word_1_84' title='bbox 1476 1687 1553 1748; x_wconf 89' lang='lat' dir='ltr'><strong>tres</strong></span> 
     </span>
     <span class='ocr_line' id='line_1_12' title="bbox 346 1789 1553 1873; baseline 0.001 -20"><span class='ocrx_word' id='word_1_85' title='bbox 346 1790 422 1855; x_wconf 88' lang='lat' dir='ltr'><strong>dies</strong></span> <span class='ocrx_word' id='word_1_86' title='bbox 446 1795 600 1872; x_wconf 86' lang='lat' dir='ltr'><strong>aguntur</strong></span> <span class='ocrx_word' id='word_1_87' title='bbox 629 1789 805 1870; x_wconf 87' lang='lat' dir='ltr'><strong>(nimirum</strong></span> <span class='ocrx_word' id='word_1_88' title='bbox 833 1794 869 1854; x_wconf 91' lang='lat' dir='ltr'><strong>et</strong></span> <span class='ocrx_word' id='word_1_89' title='bbox 890 1791 1058 1855; x_wconf 87' lang='lat' dir='ltr'><strong>vernales</strong></span> <span class='ocrx_word' id='word_1_90' title='bbox 1087 1793 1123 1854; x_wconf 90' lang='lat' dir='ltr'><strong>et</strong></span> <span class='ocrx_word' id='word_1_91' title='bbox 1149 1791 1401 1870; x_wconf 68' lang='lat' dir='ltr'><strong>autumnalesi:</strong></span> <span class='ocrx_word' id='word_1_92' title='bbox 1435 1791 1553 1873; x_wconf 90' lang='lat' dir='ltr'><strong>primo</strong></span> 
     </span>
     <span class='ocr_line' id='line_1_13' title="bbox 345 1899 1554 1982; baseline 0 -18"><span class='ocrx_word' id='word_1_93' title='bbox 345 1900 517 1980; x_wconf 90' lang='lat' dir='ltr'><strong>templum</strong></span> <span class='ocrx_word' id='word_1_94' title='bbox 537 1899 732 1982; x_wconf 86' lang='lat' dir='ltr'><strong>areliquiis</strong></span> <span class='ocrx_word' id='word_1_95' title='bbox 754 1899 882 1980; x_wconf 88' lang='lat' dir='ltr'><strong>prioris</strong></span> <span class='ocrx_word' id='word_1_96' title='bbox 905 1900 1000 1964; x_wconf 81' lang='lat' dir='ltr'><strong>sacri</strong></span> <span class='ocrx_word' id='word_1_97' title='bbox 1023 1904 1210 1982; x_wconf 68' lang='lat' dir='ltr'><strong>purgatum</strong></span> <span class='ocrx_word' id='word_1_98' title='bbox 1233 1900 1392 1964; x_wconf 85' lang='lat' dir='ltr'><strong>seeundo</strong></span> <span class='ocrx_word' id='word_1_99' title='bbox 1415 1917 1554 1964; x_wconf 78' lang='lat' dir='ltr'><strong>merea</strong></span> 
     </span>
     <span class='ocr_line' id='line_1_14' title="bbox 346 2008 1553 2089; baseline 0.002 -17"><span class='ocrx_word' id='word_1_100' title='bbox 346 2014 442 2072; x_wconf 87' lang='lat' dir='ltr'><strong>tores</strong></span> <span class='ocrx_word' id='word_1_101' title='bbox 466 2025 572 2072; x_wconf 88' lang='lat' dir='ltr'><strong>easas</strong></span> <span class='ocrx_word' id='word_1_102' title='bbox 595 2016 631 2071; x_wconf 88' lang='lat' dir='ltr'><strong>et</strong></span> <span class='ocrx_word' id='word_1_103' title='bbox 654 2008 906 2073; x_wconf 83' lang='lat' dir='ltr'><strong>tabernaculas</strong></span> <span class='ocrx_word' id='word_1_104' title='bbox 930 2015 1114 2089; x_wconf 78' lang='lat' dir='ltr'><strong>extruunt3</strong></span> <span class='ocrx_word' id='word_1_105' title='bbox 1137 2009 1241 2073; x_wconf 87' lang='lat' dir='ltr'><strong>tertio</strong></span> <span class='ocrx_word' id='word_1_106' title='bbox 1267 2013 1449 2072; x_wconf 77' lang='lat' dir='ltr'><strong>mercatus</strong></span> <span class='ocrx_word' id='word_1_107' title='bbox 1472 2009 1553 2089; x_wconf 90' lang='lat' dir='ltr'><strong>ipse</strong></span> 
     </span>
     <span class='ocr_line' id='line_1_15' title="bbox 347 2113 1553 2198; baseline 0 -17"><span class='ocrx_word' id='word_1_108' title='bbox 347 2121 382 2181; x_wconf 91' lang='lat' dir='ltr'><strong>et</strong></span> <span class='ocrx_word' id='word_1_109' title='bbox 405 2134 511 2181; x_wconf 84' lang='lat' dir='ltr'><strong>sacra</strong></span> <span class='ocrx_word' id='word_1_110' title='bbox 533 2117 629 2181; x_wconf 91' lang='lat' dir='ltr'><strong>fiunt.</strong></span> <span class='ocrx_word' id='word_1_111' title='bbox 667 2113 781 2195; x_wconf 76' lang='lat' dir='ltr'><strong>Quem</strong></span> <span class='ocrx_word' id='word_1_112' title='bbox 804 2122 1002 2182; x_wconf 85' lang='lat' dir='ltr'><strong>mereatum</strong></span> <span class='ocrx_word' id='word_1_113' title='bbox 1025 2137 1047 2182; x_wconf 92' lang='lat' dir='ltr'><strong>a</strong></span> <span class='ocrx_word' id='word_1_114' title='bbox 1068 2117 1245 2182; x_wconf 89' lang='lat' dir='ltr'><strong>Pausania</strong></span> <span class='ocrx_word' id='word_1_115' title='bbox 1268 2118 1314 2181; x_wconf 89' lang='lat' dir='ltr'><strong>ad</strong></span> <span class='ocrx_word' id='word_1_116' title='bbox 1337 2117 1553 2198; x_wconf 81' lang='lat' dir='ltr'><strong>diestestos</strong></span> 
     </span>
     <span class='ocr_line' id='line_1_16' title="bbox 346 2223 1553 2312; baseline -0.003 -22"><span class='ocrx_word' id='word_1_117' title='bbox 346 2227 444 2308; x_wconf 87' lang='lat' dir='ltr'><strong>ipsos</strong></span> <span class='ocrx_word' id='word_1_118' title='bbox 482 2225 661 2290; x_wconf 88' lang='lat' dir='ltr'><strong>numerari</strong></span> <span class='ocrx_word' id='word_1_119' title='bbox 695 2225 856 2308; x_wconf 88' lang='lat' dir='ltr'><strong>sequitur</strong></span> <span class='ocrx_word' id='word_1_120' title='bbox 892 2244 937 2289; x_wconf 85' lang='lat' dir='ltr'><strong>ex</strong></span> <span class='ocrx_word' id='word_1_121' title='bbox 972 2226 1107 2291; x_wconf 84' lang='lat' dir='ltr'><strong>verbis:</strong></span> <span class='ocrx_word' id='word_1_122' title='bbox 1145 2227 1392 2312; x_wconf 73' lang='grc' dir='ltr'><strong><em>πανηγυρίζουσι</em></strong></span> <span class='ocrx_word' id='word_1_123' title='bbox 1428 2223 1553 2310; x_wconf 77' lang='grc' dir='ltr'><strong><em>πιπρά·</em></strong></span> 
     </span>
     <span class='ocr_line' id='line_1_17' title="bbox 346 2331 1554 2420; baseline -0.001 -22"><span class='ocrx_word' id='word_1_124' title='bbox 346 2354 474 2410; x_wconf 80' lang='grc' dir='ltr'><strong><em>σκονσες</em></strong></span> <span class='ocrx_word' id='word_1_125' title='bbox 495 2337 548 2398; x_wconf 82' lang='grc' dir='ltr'><strong>καὶ</strong></span> <span class='ocrx_word' id='word_1_126' title='bbox 571 2331 764 2420; x_wconf 79' lang='grc' dir='ltr'><strong><em>ἀνδράποδα</em></strong></span> <span class='ocrx_word' id='word_1_127' title='bbox 784 2338 837 2399; x_wconf 83' lang='grc' dir='ltr'><strong>καὶ</strong></span> <span class='ocrx_word' id='word_1_128' title='bbox 859 2332 955 2420; x_wconf 77' lang='grc' dir='ltr'><em>κτήνη</em></span> <span class='ocrx_word' id='word_1_129' title='bbox 981 2332 1023 2399; x_wconf 78' lang='grc' dir='ltr'><strong>τά</strong></span> <span class='ocrx_word' id='word_1_130' title='bbox 1049 2333 1174 2418; x_wconf 77' lang='grc' dir='ltr'><strong><em>πάντα,</em></strong></span> <span class='ocrx_word' id='word_1_131' title='bbox 1208 2335 1312 2400; x_wconf 78' lang='grc' dir='ltr'><strong><em>ἔτιδὲ</em></strong></span> <span class='ocrx_word' id='word_1_132' title='bbox 1333 2332 1554 2418; x_wconf 51' lang='lat' dir='ltr'><strong>iudicarant</strong></span> 
     </span>
     <span class='ocr_line' id='line_1_18' title="bbox 347 2440 1554 2528; baseline -0.002 -20"><span class='ocrx_word' id='word_1_133' title='bbox 347 2440 487 2528; x_wconf 71' lang='grc' dir='ltr'><strong><em>ἄργυρόν</em></strong></span> <span class='ocrx_word' id='word_1_134' title='bbox 508 2446 561 2508; x_wconf 84' lang='grc' dir='ltr'><strong>καί</strong></span> <span class='ocrx_word' id='word_1_135' title='bbox 583 2441 714 2528; x_wconf 85' lang='grc' dir='ltr'><strong><em>χρυσόν.</em></strong></span> <span class='ocrx_word' id='word_1_136' title='bbox 747 2443 959 2508; x_wconf 71' lang='grc' dir='ltr'><strong><em>Καουσίου]</em></strong></span> <span class='ocrx_word' id='word_1_137' title='bbox 982 2445 1033 2508; x_wconf 90' lang='lat' dir='ltr'><strong>ita</strong></span> <span class='ocrx_word' id='word_1_138' title='bbox 1053 2445 1231 2510; x_wconf 87' lang='lat' dir='ltr'><strong>sehabet:</strong></span> <span class='ocrx_word' id='word_1_139' title='bbox 1255 2445 1301 2510; x_wconf 90' lang='lat' dir='ltr'><strong>ad</strong></span> <span class='ocrx_word' id='word_1_140' title='bbox 1322 2444 1432 2508; x_wconf 84' lang='lat' dir='ltr'><strong>ferias</strong></span> <span class='ocrx_word' id='word_1_141' title='bbox 1447 2443 1554 2507; x_wconf 89' lang='lat' dir='ltr'><strong>Isidis</strong></span> 
     </span>
     <span class='ocr_line' id='line_1_19' title="bbox 347 2552 1554 2635; baseline -0.002 -17"><span class='ocrx_word' id='word_1_142' title='bbox 347 2553 479 2635; x_wconf 86' lang='lat' dir='ltr'><strong>magna</strong></span> <span class='ocrx_word' id='word_1_143' title='bbox 501 2552 687 2616; x_wconf 89' lang='lat' dir='ltr'><strong>multitudo</strong></span> <span class='ocrx_word' id='word_1_144' title='bbox 704 2571 774 2616; x_wconf 91' lang='lat' dir='ltr'><strong>non</strong></span> <span class='ocrx_word' id='word_1_145' title='bbox 791 2553 904 2617; x_wconf 90' lang='lat' dir='ltr'><strong>solum</strong></span> <span class='ocrx_word' id='word_1_146' title='bbox 919 2552 1179 2617; x_wconf 85' lang='lat' dir='ltr'><strong>Tithorensium</strong></span> <span class='ocrx_word' id='word_1_147' title='bbox 1197 2553 1386 2617; x_wconf 87' lang='lat' dir='ltr'><strong>sedetiam</strong></span> <span class='ocrx_word' id='word_1_148' title='bbox 1402 2553 1554 2617; x_wconf 89' lang='lat' dir='ltr'><strong>aliorum</strong></span> 
     </span>
     <span class='ocr_line' id='line_1_20' title="bbox 347 2662 1553 2744; baseline -0.002 -17"><span class='ocrx_word' id='word_1_149' title='bbox 347 2662 583 2727; x_wconf 76' lang='lat' dir='ltr'><strong>Phocensium</strong></span> <span class='ocrx_word' id='word_1_150' title='bbox 606 2662 817 2726; x_wconf 81' lang='lat' dir='ltr'><strong>confluebat.</strong></span> <span class='ocrx_word' id='word_1_151' title='bbox 861 2663 986 2744; x_wconf 91' lang='lat' dir='ltr'><strong>Itaque</strong></span> <span class='ocrx_word' id='word_1_152' title='bbox 1015 2662 1140 2726; x_wconf 88' lang='lat' dir='ltr'><strong>eodem</strong></span> <span class='ocrx_word' id='word_1_153' title='bbox 1174 2667 1335 2744; x_wconf 90' lang='lat' dir='ltr'><strong>tempore</strong></span> <span class='ocrx_word' id='word_1_154' title='bbox 1369 2665 1553 2727; x_wconf 83' lang='lat' dir='ltr'><strong>mercatus</strong></span> 
     </span>
     <span class='ocr_line' id='line_1_21' title="bbox 347 2769 1555 2852; baseline -0.002 -17"><span class='ocrx_word' id='word_1_155' title='bbox 347 2788 498 2852; x_wconf 83' lang='lat' dir='ltr'><strong>magnus</strong></span> <span class='ocrx_word' id='word_1_156' title='bbox 528 2769 737 2834; x_wconf 89' lang='lat' dir='ltr'><strong>habebatur.</strong></span> <span class='ocrx_word' id='word_1_157' title='bbox 785 2770 852 2834; x_wconf 90' lang='lat' dir='ltr'><strong>Isis</strong></span> <span class='ocrx_word' id='word_1_158' title='bbox 879 2771 931 2834; x_wconf 90' lang='lat' dir='ltr'><strong>ita</strong></span> <span class='ocrx_word' id='word_1_159' title='bbox 958 2771 1061 2852; x_wconf 89' lang='lat' dir='ltr'><strong>quasi</strong></span> <span class='ocrx_word' id='word_1_160' title='bbox 1089 2771 1157 2834; x_wconf 90' lang='lat' dir='ltr'><strong>dea</strong></span> <span class='ocrx_word' id='word_1_161' title='bbox 1183 2773 1423 2834; x_wconf 84' lang='lat' dir='ltr'><strong>mercatorum</strong></span> <span class='ocrx_word' id='word_1_162' title='bbox 1451 2771 1555 2835; x_wconf 86' lang='lat' dir='ltr'><strong>faeta</strong></span> 
     </span>
     <span class='ocr_line' id='line_1_22' title="bbox 258 2878 1554 2972; baseline -0.002 -29"><span class='ocrx_word' id='word_1_163' title='bbox 258 2967 260 2972; x_wconf 67' lang='lat'>,</span> <span class='ocrx_word' id='word_1_164' title='bbox 349 2887 441 2959; x_wconf 81' lang='lat' dir='ltr'><strong>erat3</strong></span> <span class='ocrx_word' id='word_1_165' title='bbox 465 2881 565 2943; x_wconf 82' lang='lat' dir='ltr'><strong>certe</strong></span> <span class='ocrx_word' id='word_1_166' title='bbox 582 2896 716 2959; x_wconf 76' lang='lat' dir='ltr'><strong>omneS,</strong></span> <span class='ocrx_word' id='word_1_167' title='bbox 739 2878 797 2960; x_wconf 90' lang='lat' dir='ltr'><strong>qui</strong></span> <span class='ocrx_word' id='word_1_168' title='bbox 813 2879 859 2942; x_wconf 91' lang='lat' dir='ltr'><strong>ad</strong></span> <span class='ocrx_word' id='word_1_169' title='bbox 875 2882 1072 2943; x_wconf 81' lang='lat' dir='ltr'><strong>mereatum</strong></span> <span class='ocrx_word' id='word_1_170' title='bbox 1089 2884 1278 2954; x_wconf 88' lang='lat' dir='ltr'><strong>venerunt,</strong></span> <span class='ocrx_word' id='word_1_171' title='bbox 1302 2880 1408 2944; x_wconf 87' lang='lat' dir='ltr'><strong>etiam</strong></span> <span class='ocrx_word' id='word_1_172' title='bbox 1427 2879 1554 2944; x_wconf 87' lang='lat' dir='ltr'><strong>diebus</strong></span> 
     </span>
     <span class='ocr_line' id='line_1_23' title="bbox 348 2987 1318 3070; baseline -0.001 -18"><span class='ocrx_word' id='word_1_173' title='bbox 348 2988 451 3054; x_wconf 87' lang='lat' dir='ltr'><strong>festis</strong></span> <span class='ocrx_word' id='word_1_174' title='bbox 475 2988 641 3066; x_wconf 90' lang='lat' dir='ltr'><strong>aderant;</strong></span> <span class='ocrx_word' id='word_1_175' title='bbox 666 2987 724 3070; x_wconf 91' lang='lat' dir='ltr'><strong>qui</strong></span> <span class='ocrx_word' id='word_1_176' title='bbox 749 2988 880 3070; x_wconf 88' lang='lat' dir='ltr'><strong>optime</strong></span> <span class='ocrx_word' id='word_1_177' title='bbox 904 2988 1038 3052; x_wconf 81' lang='lat' dir='ltr'><strong>uultum</strong></span> <span class='ocrx_word' id='word_1_178' title='bbox 1059 2989 1318 3070; x_wconf 83' lang='lat' dir='ltr'><strong>propagabant.</strong></span> 
     </span>
    </p>

    <p class='ocr_par' dir='ltr' id='par_1_3' title="bbox 349 3096 1553 3396">
     <span class='ocr_line' id='line_1_24' title="bbox 450 3096 1553 3178; baseline -0.002 -18"><span class='ocrx_word' id='word_1_179' title='bbox 450 3096 538 3160; x_wconf 87' lang='lat' dir='ltr'><strong>Dies</strong></span> <span class='ocrx_word' id='word_1_180' title='bbox 561 3096 675 3160; x_wconf 82' lang='lat' dir='ltr'><strong>festus</strong></span> <span class='ocrx_word' id='word_1_181' title='bbox 698 3096 775 3178; x_wconf 87' lang='lat' dir='ltr'><strong>ipse</strong></span> <span class='ocrx_word' id='word_1_182' title='bbox 799 3114 844 3159; x_wconf 90' lang='lat' dir='ltr'><strong>ex</strong></span> <span class='ocrx_word' id='word_1_183' title='bbox 861 3096 997 3161; x_wconf 90' lang='lat' dir='ltr'><strong>duabus</strong></span> <span class='ocrx_word' id='word_1_184' title='bbox 1019 3096 1180 3178; x_wconf 87' lang='lat' dir='ltr'><strong>partibus</strong></span> <span class='ocrx_word' id='word_1_185' title='bbox 1198 3099 1349 3174; x_wconf 78' lang='lat' dir='ltr'><strong>constat,</strong></span> <span class='ocrx_word' id='word_1_186' title='bbox 1369 3096 1553 3160; x_wconf 83' lang='lat' dir='ltr'><strong>sacrificio</strong></span> 
     </span>
     <span class='ocr_line' id='line_1_25' title="bbox 349 3201 1553 3292; baseline -0.002 -22"><span class='ocrx_word' id='word_1_187' title='bbox 349 3211 385 3270; x_wconf 81' lang='lat' dir='ltr'><strong>et</strong></span> <span class='ocrx_word' id='word_1_188' title='bbox 412 3223 556 3287; x_wconf 83' lang='lat' dir='ltr'><strong>pompa:</strong></span> <span class='ocrx_word' id='word_1_189' title='bbox 594 3201 675 3287; x_wconf 74' lang='grc' dir='ltr'><strong>μετὰ</strong></span> <span class='ocrx_word' id='word_1_190' title='bbox 701 3205 737 3269; x_wconf 82' lang='grc' dir='ltr'><strong>δὲ</strong></span> <span class='ocrx_word' id='word_1_191' title='bbox 762 3203 925 3287; x_wconf 76' lang='grc' dir='ltr'>μεσοῦσαν</span> <span class='ocrx_word' id='word_1_192' title='bbox 952 3203 1070 3292; x_wconf 66' lang='grc' dir='ltr'><strong><em>ἡμέραν</em></strong></span> <span class='ocrx_word' id='word_1_193' title='bbox 1098 3209 1271 3290; x_wconf 81' lang='grc' dir='ltr'><strong><em>τρέπονται</em></strong></span> <span class='ocrx_word' id='word_1_194' title='bbox 1304 3202 1387 3291; x_wconf 78' lang='grc' dir='ltr'><em>πρὸς</em></span> <span class='ocrx_word' id='word_1_195' title='bbox 1419 3210 1553 3270; x_wconf 73' lang='grc' dir='ltr'><strong><em>θυσίαν.</em></strong></span> 
     </span>
     <span class='ocr_line' id='line_1_26' title="bbox 350 3313 1551 3396; baseline -0.002 -18"><span class='ocrx_word' id='word_1_196' title='bbox 350 3313 606 3378; x_wconf 85' lang='lat' dir='ltr'><strong>Saoritioantur</strong></span> <span class='ocrx_word' id='word_1_197' title='bbox 627 3314 739 3378; x_wconf 88' lang='lat' dir='ltr'><strong>boves</strong></span> <span class='ocrx_word' id='word_1_198' title='bbox 763 3318 799 3379; x_wconf 91' lang='lat' dir='ltr'><strong>et</strong></span> <span class='ocrx_word' id='word_1_199' title='bbox 821 3315 932 3396; x_wconf 79' lang='lat' dir='ltr'><strong>cervi,</strong></span> <span class='ocrx_word' id='word_1_200' title='bbox 960 3331 1108 3379; x_wconf 87' lang='lat' dir='ltr'><strong>anseres</strong></span> <span class='ocrx_word' id='word_1_201' title='bbox 1132 3319 1168 3378; x_wconf 90' lang='lat' dir='ltr'><strong>et</strong></span> <span class='ocrx_word' id='word_1_202' title='bbox 1191 3332 1279 3378; x_wconf 89' lang='lat' dir='ltr'><strong>aves</strong></span> <span class='ocrx_word' id='word_1_203' title='bbox 1301 3313 1551 3393; x_wconf 81' lang='lat' dir='ltr'><strong>meleagrides.</strong></span> 
     </span>
    </p>
   </div>
   <div class='ocr_carea' id='block_1_3' title="bbox 350 3413 1652 3504">
    <p class='ocr_par' dir='ltr' id='par_1_4' title="bbox 350 3413 1652 3504">
     <span class='ocr_line' id='line_1_27' title="bbox 350 3413 1652 3504; baseline 0.003 -18"><span class='ocrx_word' id='word_1_204' title='bbox 350 3420 483 3486; x_wconf 85' lang='lat' dir='ltr'><strong>Contra</strong></span> <span class='ocrx_word' id='word_1_205' title='bbox 516 3440 603 3486; x_wconf 88' lang='lat' dir='ltr'><strong>oves</strong></span> <span class='ocrx_word' id='word_1_206' title='bbox 641 3440 723 3486; x_wconf 87' lang='lat' dir='ltr'><strong>sues</strong></span> <span class='ocrx_word' id='word_1_207' title='bbox 761 3441 895 3504; x_wconf 77' lang='lat' dir='ltr'><strong>caprae</strong></span> <span class='ocrx_word' id='word_1_208' title='bbox 931 3422 1068 3488; x_wconf 88' lang='lat' dir='ltr'><strong>vetitae</strong></span> <span class='ocrx_word' id='word_1_209' title='bbox 1106 3427 1197 3488; x_wconf 92' lang='lat' dir='ltr'><strong>sunt.</strong></span> <span class='ocrx_word' id='word_1_210' title='bbox 1251 3423 1409 3487; x_wconf 89' lang='lat' dir='ltr'><strong>Anseres</strong></span> <span class='ocrx_word' id='word_1_211' title='bbox 1442 3421 1556 3486; x_wconf 84' lang='lat' dir='ltr'><strong>Wolff</strong></span> <span class='ocrx_word' id='word_1_212' title='bbox 1651 3413 1652 3490; x_wconf 59' lang='grc' dir='ltr'><strong><em>ι</em></strong></span> 
     </span>
    </p>
   </div>
   <div class='ocr_carea' id='block_1_4' title="bbox 348 3529 1552 3726">
    <p class='ocr_par' dir='ltr' id='par_1_5' title="bbox 348 3529 1552 3726">
     <span class='ocr_line' id='line_1_28' title="bbox 348 3529 1552 3612; baseline 0 -17"><span class='ocrx_word' id='word_1_213' title='bbox 348 3529 481 3608; x_wconf 87' lang='lat' dir='ltr'><strong>(Philol.</strong></span> <span class='ocrx_word' id='word_1_214' title='bbox 495 3529 645 3594; x_wconf 88' lang='lat' dir='ltr'>XXVIII</span> <span class='ocrx_word' id='word_1_215' title='bbox 665 3531 734 3610; x_wconf 85' lang='grc'>188)</span> <span class='ocrx_word' id='word_1_216' title='bbox 758 3531 844 3596; x_wconf 85' lang='lat' dir='ltr'><strong>dioit</strong></span> <span class='ocrx_word' id='word_1_217' title='bbox 867 3532 932 3596; x_wconf 91' lang='lat' dir='ltr'><strong>soli</strong></span> <span class='ocrx_word' id='word_1_218' title='bbox 947 3531 1033 3596; x_wconf 89' lang='lat' dir='ltr'><strong>Isidi</strong></span> <span class='ocrx_word' id='word_1_219' title='bbox 1056 3531 1278 3598; x_wconf 75' lang='lat' dir='ltr'><strong>santificatos</strong></span> <span class='ocrx_word' id='word_1_220' title='bbox 1302 3550 1393 3596; x_wconf 87' lang='lat' dir='ltr'><strong>esse.</strong></span> <span class='ocrx_word' id='word_1_221' title='bbox 1437 3530 1552 3612; x_wconf 79' lang='lat' dir='ltr'><strong>Quale</strong></span> 
     </span>
     <span class='ocr_line' id='line_1_29' title="bbox 349 3637 1551 3726; baseline 0.001 -24"><span class='ocrx_word' id='word_1_222' title='bbox 349 3639 565 3703; x_wconf 83' lang='lat' dir='ltr'><strong>saorifioium</strong></span> <span class='ocrx_word' id='word_1_223' title='bbox 602 3639 792 3721; x_wconf 61' lang='lat' dir='ltr'><strong>Aristides</strong></span> <span class='ocrx_word' id='word_1_224' title='bbox 830 3639 885 3726; x_wconf 78' lang='grc' dir='ltr'><strong><em>ῖερ.</em></strong></span> <span class='ocrx_word' id='word_1_225' title='bbox 911 3639 979 3719; x_wconf 69' lang='grc' dir='ltr'><strong>λον.</strong></span> <span class='ocrx_word' id='word_1_226' title='bbox 1001 3637 1032 3721; x_wconf 79' lang='grc' dir='ltr'><strong>γ’</strong></span> <span class='ocrx_word' id='word_1_227' title='bbox 1056 3640 1097 3705; x_wconf 87' lang='grc'><strong>45</strong></span> <span class='ocrx_word' id='word_1_228' title='bbox 1135 3643 1400 3704; x_wconf 87' lang='lat' dir='ltr'><strong>commemor-at.</strong></span> <span class='ocrx_word' id='word_1_229' title='bbox 1454 3641 1551 3709; x_wconf 89' lang='lat' dir='ltr'><strong>Aves</strong></span> 
     </span>
    </p>
   </div>
   <div class='ocr_carea' id='block_1_5' title="bbox 349 3747 1651 3830">
    <p class='ocr_par' dir='ltr' id='par_1_6' title="bbox 349 3747 1651 3830">
     <span class='ocr_line' id='line_1_30' title="bbox 349 3747 1651 3830; baseline -0.001 -18"><span class='ocrx_word' id='word_1_230' title='bbox 349 3751 469 3812; x_wconf 90' lang='lat' dir='ltr'><strong>autem</strong></span> <span class='ocrx_word' id='word_1_231' title='bbox 496 3747 582 3811; x_wconf 88' lang='lat' dir='ltr'><strong>Isidi</strong></span> <span class='ocrx_word' id='word_1_232' title='bbox 615 3748 839 3815; x_wconf 83' lang='lat' dir='ltr'><strong>sacrificatas</strong></span> <span class='ocrx_word' id='word_1_233' title='bbox 874 3750 981 3814; x_wconf 89' lang='lat' dir='ltr'><strong>etiam</strong></span> <span class='ocrx_word' id='word_1_234' title='bbox 1003 3749 1154 3813; x_wconf 89' lang='lat' dir='ltr'><strong>Prienae</strong></span> <span class='ocrx_word' id='word_1_235' title='bbox 1187 3749 1419 3830; x_wconf 80' lang='lat' dir='ltr'><strong>reperiemus,</strong></span> <span class='ocrx_word' id='word_1_236' title='bbox 1464 3749 1551 3814; x_wconf 88' lang='lat' dir='ltr'><strong>Sues</strong></span> <span class='ocrx_word' id='word_1_237' title='bbox 1650 3815 1651 3826; x_wconf 18' lang='lat'>¹</span> 
     </span>
    </p>
   </div>
   <div class='ocr_carea' id='block_1_6' title="bbox 344 3845 1651 4376">
    <p class='ocr_par' dir='ltr' id='par_1_7' title="bbox 344 3845 1651 4376">
     <span class='ocr_line' id='line_1_31' title="bbox 344 3845 1651 3939; baseline 0.001 -19"><span class='ocrx_word' id='word_1_238' title='bbox 344 3856 383 3920; x_wconf 88' lang='lat' dir='ltr'><strong>in</strong></span> <span class='ocrx_word' id='word_1_239' title='bbox 406 3857 573 3938; x_wconf 84' lang='lat' dir='ltr'><strong>Aegypto</strong></span> <span class='ocrx_word' id='word_1_240' title='bbox 599 3856 636 3920; x_wconf 94' lang='lat' dir='ltr'><strong>in</strong></span> <span class='ocrx_word' id='word_1_241' title='bbox 658 3857 763 3921; x_wconf 88' lang='lat' dir='ltr'><strong>Isidis</strong></span> <span class='ocrx_word' id='word_1_242' title='bbox 787 3856 1008 3939; x_wconf 86' lang='lat' dir='ltr'><strong>Osiridisque</strong></span> <span class='ocrx_word' id='word_1_243' title='bbox 1036 3859 1133 3922; x_wconf 85' lang='lat' dir='ltr'><strong>cultu</strong></span> <span class='ocrx_word' id='word_1_244' title='bbox 1161 3857 1302 3922; x_wconf 90' lang='lat' dir='ltr'><strong>omnino</strong></span> <span class='ocrx_word' id='word_1_245' title='bbox 1328 3876 1400 3921; x_wconf 89' lang='lat' dir='ltr'><strong>non</strong></span> <span class='ocrx_word' id='word_1_246' title='bbox 1423 3857 1552 3921; x_wconf 88' lang='lat' dir='ltr'><strong>saorifi·</strong></span> <span class='ocrx_word' id='word_1_247' title='bbox 1650 3845 1651 3852; x_wconf 53' lang='lat'><em>&#39;</em></span> 
     </span>
     <span class='ocr_line' id='line_1_32' title="bbox 349 3962 1552 4048; baseline 0.001 -20"><span class='ocrx_word' id='word_1_248' title='bbox 349 3968 485 4028; x_wconf 85' lang='lat' dir='ltr'><strong>eantur.</strong></span> <span class='ocrx_word' id='word_1_249' title='bbox 536 3962 650 4029; x_wconf 91' lang='lat' dir='ltr'><strong>Ovem</strong></span> <span class='ocrx_word' id='word_1_250' title='bbox 677 3965 763 4029; x_wconf 89' lang='lat' dir='ltr'><strong>Isidi</strong></span> <span class='ocrx_word' id='word_1_251' title='bbox 790 3965 987 4030; x_wconf 81' lang='lat' dir='ltr'><strong>sacrificari</strong></span> <span class='ocrx_word' id='word_1_252' title='bbox 1016 3967 1166 4030; x_wconf 88' lang='lat' dir='ltr'><strong>vetitum</strong></span> <span class='ocrx_word' id='word_1_253' title='bbox 1200 3985 1281 4031; x_wconf 89' lang='lat' dir='ltr'><strong>esse</strong></span> <span class='ocrx_word' id='word_1_254' title='bbox 1316 3966 1552 4048; x_wconf 88' lang='lat' dir='ltr'><strong>oomperimus</strong></span> 
     </span>
     <span class='ocr_line' id='line_1_33' title="bbox 346 4071 1551 4156; baseline 0 -18"><span class='ocrx_word' id='word_1_255' title='bbox 346 4091 394 4138; x_wconf 86' lang='lat' dir='ltr'><strong>ex</strong></span> <span class='ocrx_word' id='word_1_256' title='bbox 418 4071 513 4139; x_wconf 83' lang='lat' dir='ltr'><strong>Sext.</strong></span> <span class='ocrx_word' id='word_1_257' title='bbox 533 4073 631 4156; x_wconf 86' lang='lat' dir='ltr'><strong>Emp.</strong></span> <span class='ocrx_word' id='word_1_258' title='bbox 656 4074 736 4138; x_wconf 89' lang='lat' dir='ltr'><strong>adv.</strong></span> <span class='ocrx_word' id='word_1_259' title='bbox 759 4074 940 4142; x_wconf 76' lang='lat' dir='ltr'><strong>matum</strong></span> <span class='ocrx_word' id='word_1_260' title='bbox 963 4093 993 4138; x_wconf 93' lang='lat' dir='ltr'><strong>o.</strong></span> <span class='ocrx_word' id='word_1_261' title='bbox 1009 4075 1060 4156; x_wconf 86' lang='lat'><strong>24,</strong></span> <span class='ocrx_word' id='word_1_262' title='bbox 1075 4075 1146 4139; x_wconf 81' lang='lat'>220.</span> <span class='ocrx_word' id='word_1_263' title='bbox 1182 4073 1253 4139; x_wconf 84' lang='lat' dir='ltr'><strong>Cur</strong></span> <span class='ocrx_word' id='word_1_264' title='bbox 1275 4079 1395 4138; x_wconf 92' lang='lat' dir='ltr'><strong>autem</strong></span> <span class='ocrx_word' id='word_1_265' title='bbox 1418 4093 1551 4155; x_wconf 84' lang='lat' dir='ltr'><strong>caprae</strong></span> 
     </span>
     <span class='ocr_line' id='line_1_34' title="bbox 349 4181 1553 4263; baseline -0.001 -17"><span class='ocrx_word' id='word_1_266' title='bbox 349 4182 485 4246; x_wconf 87' lang='lat' dir='ltr'><strong>vetitae</strong></span> <span class='ocrx_word' id='word_1_267' title='bbox 519 4181 604 4263; x_wconf 88' lang='lat' dir='ltr'><strong>sint,</strong></span> <span class='ocrx_word' id='word_1_268' title='bbox 637 4201 708 4247; x_wconf 90' lang='lat' dir='ltr'><strong>non</strong></span> <span class='ocrx_word' id='word_1_269' title='bbox 742 4182 857 4247; x_wconf 86' lang='lat' dir='ltr'><strong>video.</strong></span> <span class='ocrx_word' id='word_1_270' title='bbox 906 4183 1078 4263; x_wconf 89' lang='lat' dir='ltr'><strong>Pompam</strong></span> <span class='ocrx_word' id='word_1_271' title='bbox 1111 4187 1230 4248; x_wconf 89' lang='lat' dir='ltr'><strong>autem</strong></span> <span class='ocrx_word' id='word_1_272' title='bbox 1263 4183 1461 4248; x_wconf 86' lang='lat' dir='ltr'><strong>Pausanias</strong></span> <span class='ocrx_word' id='word_1_273' title='bbox 1497 4183 1553 4246; x_wconf 90' lang='lat' dir='ltr'><strong>de·</strong></span> 
     </span>
     <span class='ocr_line' id='line_1_35' title="bbox 350 4289 1555 4376; baseline -0.002 -20"><span class='ocrx_word' id='word_1_274' title='bbox 350 4291 475 4356; x_wconf 89' lang='lat' dir='ltr'><strong>soribit</strong></span> <span class='ocrx_word' id='word_1_275' title='bbox 496 4291 576 4356; x_wconf 85' lang='lat' dir='ltr'><strong>loeo</strong></span> <span class='ocrx_word' id='word_1_276' title='bbox 591 4291 699 4355; x_wconf 82' lang='lat' dir='ltr'><strong>valde</strong></span> <span class='ocrx_word' id='word_1_277' title='bbox 722 4296 904 4375; x_wconf 87' lang='lat' dir='ltr'><strong>corrupto:</strong></span> <span class='ocrx_word' id='word_1_278' title='bbox 929 4290 1018 4367; x_wconf 87' lang='grc' dir='ltr'><strong><em>ὅσοις</em></strong></span> <span class='ocrx_word' id='word_1_279' title='bbox 1031 4292 1092 4374; x_wconf 77' lang='grc' dir='ltr'><strong>μὲν</strong></span> <span class='ocrx_word' id='word_1_280' title='bbox 1112 4289 1150 4376; x_wconf 79' lang='grc' dir='ltr'><strong>δὴ</strong></span> <span class='ocrx_word' id='word_1_281' title='bbox 1171 4296 1375 4373; x_wconf 72' lang='grc' dir='ltr'><strong><em>καθαγίσασι</em></strong></span> <span class='ocrx_word' id='word_1_282' title='bbox 1394 4289 1435 4354; x_wconf 85' lang='grc' dir='ltr'><strong>ιὰ</strong></span> <span class='ocrx_word' id='word_1_283' title='bbox 1457 4290 1555 4372; x_wconf 74' lang='grc' dir='ltr'><strong><em>ἱερεῖα</em></strong></span> 
     </span>
    </p>
   </div>
   <div class='ocr_carea' id='block_1_7' title="bbox 351 4396 1558 4488">
    <p class='ocr_par' dir='ltr' id='par_1_8' title="bbox 351 4396 1558 4488">
     <span class='ocr_line' id='line_1_36' title="bbox 351 4396 1558 4488; baseline -0.002 -22"><span class='ocrx_word' id='word_1_284' title='bbox 351 4401 387 4478; x_wconf 76' lang='grc' dir='ltr'><strong>’ἐς</strong></span> <span class='ocrx_word' id='word_1_285' title='bbox 411 4397 448 4464; x_wconf 84' lang='grc' dir='ltr'><strong>τό</strong></span> <span class='ocrx_word' id='word_1_286' title='bbox 478 4397 599 4467; x_wconf 78' lang='grc' dir='ltr'><strong><em>ἄδυτον</em></strong></span> <span class='ocrx_word' id='word_1_287' title='bbox 627 4396 819 4466; x_wconf 79' lang='grc' dir='ltr'><strong><em>ἀποστεῖλαι</em></strong></span> <span class='ocrx_word' id='word_1_288' title='bbox 845 4403 894 4482; x_wconf 87' lang='lat'><strong>††</strong></span> <span class='ocrx_word' id='word_1_289' title='bbox 919 4405 1156 4488; x_wconf 80' lang='grc' dir='ltr'><strong><em>πεποιημένους</em></strong></span> <span class='ocrx_word' id='word_1_290' title='bbox 1184 4398 1283 4486; x_wconf 76' lang='grc' dir='ltr'><strong><em>ἀρχὴν</em></strong></span> <span class='ocrx_word' id='word_1_291' title='bbox 1310 4400 1482 4478; x_wconf 75' lang='grc' dir='ltr'><strong><em>καθελίξαι</em></strong></span> <span class='ocrx_word' id='word_1_292' title='bbox 1507 4399 1558 4466; x_wconf 78' lang='grc' dir='ltr'><strong>δεῖ</strong></span> 
     </span>
    </p>
   </div>
   <div class='ocr_carea' id='block_1_8' title="bbox 0 0 1677 5358">
    <p class='ocr_par' dir='ltr' id='par_1_9' title="bbox 0 0 1677 5358">
     <span class='ocr_line' id='line_1_37' title="bbox 0 0 1677 5358; baseline 0 0"><span class='ocrx_word' id='word_1_293' title='bbox 0 0 1677 5358; x_wconf 95' lang='lat' dir='ltr'><strong> </strong></span> 
     </span>
    </p>
   </div>
  </div>
 </body>
</html>
