3334 5358
650 525 861 593 ..25-

156 746 243 814 σφος
256 723 297 790 τδ
314 725 413 810 ἱερεῖα
427 725 518 794 λινοῦ
532 724 716 810 τελαμῶσιν
738 725 755 810 ἢ
777 725 913 809 βύσσου·
933 726 1056 814 τρόπος
1069 728 1105 794 δὲ
1119 731 1172 813 τῆς
1193 735 1362 806 σκευασίας

155 838 224 900 ε’στί
241 834 257 902 ὁ
276 833 471 917 Αἰγύπτιος·
501 835 662 920 πομπεύει
677 862 711 900 τε
725 835 764 921 δή
778 835 889 902 πάντα
903 836 967 902 ὅσα
988 837 1115 902 ἔθυσαν
1129 842 1182 902 καί
1205 837 1309 921 οἱμὲν
1331 841 1363 915 ἐς

156 943 194 1010 το“
227 945 347 1011 ἄδυτον
376 944 417 1010 τὰ
445 945 542 1033 ἱερεῖα
572 951 788 1029 εἰσπέμπουσι
814 946 846 1011 oi
871 947 907 1013 δὲ
932 947 1121 1034 ἔμπροσθεν
1152 951 1209 1013 τοῦ
1242 944 1362 1013 ἀδύτου

156 1055 371 1135 καθαγίζουσι
397 1053 455 1132 τὰς
481 1053 597 1142 σκηνὰς
621 1059 674 1120 καί
702 1053 927 1142 ἀποχωροῦσιν
949 1055 1041 1122 αὗταί
1064 1055 1197 1147 σπουδῇ.
1242 1056 1362 1122 Verba

160 1164 362 1228 Pausaniae
391 1165 563 1246 expedire
590 1183 661 1230 non
690 1184 849 1248 possum,
882 1184 998 1248 neque
1020 1166 1152 1230 Frazer
1183 1170 1284 1232 recte
1318 1185 1362 1232 ea
1442 1245 1445 1252 ¹

157 1273 277 1338 vertit.
314 1273 385 1338 Res
408 1274 488 1355 ipsa
510 1279 630 1338 autem
652 1276 703 1338 ita
718 1293 757 1338 sc
779 1275 947 1339 habuisse
970 1275 1055 1338 mihi
1076 1275 1232 1340 videtur:
1255 1290 1362 1340 sacra

158 1381 278 1445 omnia
301 1381 550 1446 sacrificantur
572 1387 608 1446 et
630 1383 666 1446 in
689 1401 820 1465 pompa
841 1383 1018 1463 feruntur3
1042 1389 1114 1447 tum
1136 1385 1252 1448 altera
1267 1403 1361 1466 parS,

159 1492 218 1554 cui
240 1491 336 1570 licet,
359 1509 467 1586 sacra
488 1491 524 1554 in
547 1491 693 1572 adytum
717 1491 873 1555 immittit
896 1493 1096 1574 diutiusque
1119 1493 1167 1556 ibi
1189 1498 1361 1574 remanet,

159 1601 275 1664 altera
307 1618 414 1664 sacra
446 1600 615 1664 ministris
649 1600 771 1682 templi
804 1601 913 1664 tradit
946 1605 982 1664 et
1014 1601 1171 1666 tabernis
1195 1601 1237 1680 (ί)
1271 1619 1362 1664 com-

158 1710 272 1774 bustis
306 1709 426 1772 statim
458 1709 606 1773 recedit.
660 1709 900 1773 immittuntur
923 1728 1029 1774 sacra
1055 1713 1188 1791 autem,
1222 1713 1261 1774 ut
1294 1711 1363 1775 dea

160 1819 269 1881 etiam
291 1818 437 1900 reliquis
461 1818 678 1900 temporibus
700 1818 778 1882 cibo
794 1821 928 1899 utatur,
952 1819 1082 1900 quade
1105 1837 1218 1882 causa
1239 1819 1362 1884 fasciis

70 1907 73 1914 ⁵
160 1927 462 2008 circumligantur.
518 1923 620 2004 Quod
653 1926 724 1990 iam
757 1926 888 1992 Frazer
932 1945 977 1991 ex
1016 1927 1099 1992 Her.
1121 1927 1156 1992 ΙΙ
1177 1927 1219 1992 86
1252 1929 1361 2010 expli-

159 2037 268 2117 cavit,
291 2036 350 2099 ubi
372 2054 448 2100 mos
472 2035 672 2118 Aegyptius
694 2040 853 2100 mortuos
877 2037 1067 2100 condiendi
1089 2041 1265 2101 narratur.
1297 2037 1362 2102 Ne-

160 2163 230 2226 que
264 2144 358 2208 enim
390 2145 460 2208 nisi
493 2161 600 2208 sacra
632 2145 778 2208 condita
809 2145 976 2227 fuissent,
1010 2145 1098 2209 odor
1129 2145 1256 2210 suisset
1286 2163 1364 2228 per-

160 2254 347 2333 serendus3
380 2253 534 2318 vidimus
569 2253 662 2317 enim
696 2271 803 2316 sacra
834 2271 901 2335 per
933 2257 1107 2316 semestre
1141 2253 1305 2334 spatium>
1328 2253 1364 2317 in

160 2363 271 2443 adyto
293 2361 512 2426 remansisse
533 2367 569 2426 et
584 2361 696 2443 primo
713 2362 853 2426 demum
871 2362 926 2426 die
942 2363 1179 2442 posteriorum
1194 2362 1364 2426 feriarum

161 2476 288 2554 egesta
311 2489 400 2536 esse.

263 2579 504 2662 Cognovimus
527 2580 636 2659 igitur
658 2579 848 2644 Tithoreae
872 2581 1027 2644 classem
1054 2581 1232 2662 quandam
1255 2581 1363 2644 homi-

160 2708 246 2753 num
273 2689 403 2770 (neque
432 2705 521 2752 vero
545 2689 786 2769 sacerdotum,
814 2693 852 2750 ut
874 2688 1043 2768 videtur),
1071 2689 1197 2770 quibus
1219 2689 1365 2771 propius

165 2799 212 2862 ad
236 2798 340 2861 deam
363 2797 541 2860 accedere
563 2796 707 2876 licebat,
731 2813 837 2878 quam
859 2797 996 2876 reliqua
1018 2797 1131 2878 plebs.

263 2907 484 2988 Hyampoli
506 2911 652 2986 praeter
666 2905 981 2970 manumissionem
1003 2907 1087 2970 anni
1107 2907 1164 2970 117
1186 2924 1219 2988 p.
1236 2904 1315 2969 Chr.
1332 2925 1364 2970 n.
1450 2924 1452 2927 ·

162 3017 226 3096 (IX
249 3015 302 3094 86)
326 3014 461 3079 servati
485 3018 567 3078 sunt
589 3013 680 3077 tituli
702 3013 751 3076 IX
771 3014 826 3078 92:
850 3009 1022 3090 Εὐκλείδας
1044 3011 1157 3080 Kalliai
1185 3013 1367 3099 Τίμανδρον

161 3121 224 3189 τόν
252 3120 327 3188 vido
352 3120 483 3208 Σαράπι
509 3122 576 3188 Ἴσι
603 3120 757 3204 ἸΑνοίβι,
793 3123 852 3206 qui
879 3123 1128 3203 Dittenbergio
1163 3123 1282 3195 iudice
1312 3141 1366 3187 se-

164 3234 281 3298 cundo
315 3240 376 3296 aut
408 3231 522 3314 primo
552 3250 582 3296 a.
607 3231 687 3296 Chr.
709 3251 742 3295 n.
773 3232 917 3296 saeculo
951 3232 1198 3296 attribuendus
1232 3235 1297 3313 est,
1330 3235 1366 3296 et

162 3343 215 3407 IX
238 3342 292 3407 89:
326 3339 502 3427 Κρινόλαος
523 3343 742 3416 Ξενοπείδεος
763 3339 943 3426 ἱερηιεύσας
968 3339 1006 3405 τό
1036 3338 1209 3424 πρόπυλον
1233 3337 1366 3416 καὶτὰς

163 3449 261 3527 στοὰς
281 3447 428 3525 καὶτοὺς
449 3453 553 3524 οἴκους
566 3445 713 3528 Σαράπει
732 3453 825 3513 Είσει
850 3446 1008 3530 'Avedda
1027 3448 1227 3534 χαριστήριον
1249 3449 1366 3531 (primi

161 3565 201 3625 ut
223 3561 367 3624 videtur
389 3562 498 3638 saec.)
532 3559 695 3623 videmus
728 3559 835 3639 igitur
862 3577 926 3623 nos
956 3567 1137 3624 erraturos
1171 3559 1292 3638 fuisse,
1326 3559 1366 3640 si,

164 3688 246 3734 eum
279 3668 431 3732 materia
467 3669 567 3732 velut
598 3668 787 3732 Tithoreae
824 3667 925 3732 nobis
964 3669 1080 3750 deest,
1118 3668 1367 3750 colligeremus

165 3780 301 3842 cultum
322 3777 579 3865 posterioribus
604 3778 745 3842 demum
767 3777 985 3858 temporibus
1012 3777 1254 3840 introductum
1277 3793 1367 3840 esse.
1445 3771 1450 3778 '

164 3887 232 3951 Hic
256 3905 396 3968 quoque
412 3885 556 3968 Serapis
578 3887 645 3951 Isis
662 3886 796 3950 Anubis
820 3903 892 3950 una
912 3885 1090 3965 coluntur;
1114 3885 1285 3950 sacerdos
1309 3885 1368 3966 qui

163 3995 434 4073 manumissioni
449 3995 561 4076 adest,
585 3999 640 4060 est
663 3993 679 4059 ὁ
699 3991 797 4080 ἱερεὺς
815 3991 873 4058 τοῦ
889 3991 1074 4074 Σαράπιδος
1088 3997 1139 4056 καί
1158 3996 1192 4075 τῆ
1197 4019 1211 4068 ς
1226 4001 1255 4057 Ε
1259 3993 1367 4069 ίσιδος.

161 4103 392 4169 Manumissio
436 4105 475 4166 fit
523 4121 645 4168 mense
689 4107 834 4182 octavo,
888 4103 946 4184 qui
987 4103 1137 4182 Delphis
1185 4099 1370 4188 Ἡρακλείας

162 4214 381 4294 appellatum
416 4213 579 4293 congruit
610 4230 691 4276 cum
718 4215 878 4293 tempore
905 4211 1150 4294 Thargelionis
1177 4211 1368 4275 Athenien·

164 4321 265 4385 sium.
309 4321 388 4384 Hoc
411 4321 447 4384 in
469 4338 593 4384 mense
621 4317 811 4400 Βουβάστια
833 4324 996 4401 aguntur,
1025 4337 1117 4401 quae
1144 4319 1239 4382 nullo
1263 4319 1367 4384 dubio

167 4447 250 4500 cum
272 4427 453 4514 Serapidis
468 4427 643 4512 Isidisque
666 4429 764 4494 cultu
787 4427 981 4494 coniuncta
1003 4431 1095 4492 sunt.
1129 4425 1368 4512 cognovimus
