3334 5358
811 498 1019 564 ...46-

308 693 392 760 κατά
420 693 617 784 πρόσταγμα
644 695 702 762 τοῦ
730 696 823 791 deod.
866 699 980 764 Valde
1003 701 1062 766 hio
1084 701 1206 766 titulus
1229 721 1295 766 nos
1324 703 1449 784 allicit,
1477 707 1517 768 ut

203 797 206 805 ’
310 804 496 871 Plutonem
518 803 693 890 Serapim,
727 808 978 891 Proserpinam
1002 809 1172 876 Cererem
1193 811 1278 876 Isim
1312 830 1393 877 esse
1421 812 1517 878 dica

309 933 402 996 mus;
434 933 551 998 neque
584 934 672 981 vero
705 916 773 980 Isis
807 918 934 982 eodem
968 923 1131 1000 tempore
1164 924 1202 992 et
1230 920 1446 1002 Proserpina
1479 925 1517 985 et

310 1022 421 1088 Oeres
455 1041 537 1089 esse
570 1029 700 1107 potest.
744 1024 816 1092 Sed
840 1031 927 1116 puto
948 1044 1025 1092 rem
1048 1045 1087 1091 se
1110 1028 1162 1092 ita
1182 1029 1332 1100 habere:
1369 1030 1406 1094 in
1429 1029 1515 1094 fano

309 1117 492 1214 Serapidis
529 1151 615 1198 arae
653 1136 689 1198 et
725 1138 866 1200 statuae
902 1135 1062 1200 Plutonis
1098 1137 1338 1219 Proserpinae
1373 1136 1515 1203 Cereris

257 1265 269 1294 ο
307 1241 476 1307 Mercurii
503 1244 644 1325 positae
674 1249 778 1308 erant
807 1245 872 1324 (καὶ
901 1247 996 1310 inter
1016 1247 1202 1312 Plutonem
1228 1255 1265 1310 et
1286 1264 1433 1318 uxorem
1458 1247 1517 1310 de·

307 1351 448 1416 nuntiat
462 1351 633 1418 artiorem
650 1353 963 1436 coniunctionem),
979 1373 1129 1438 quorum
1144 1355 1261 1420 cultus
1277 1355 1324 1419 ad
1338 1355 1512 1420 Anubidis

308 1461 513 1526 accessisse
535 1461 692 1541 videtum
715 1468 908 1543 praeterea
929 1461 1074 1544 Serapis
1097 1481 1242 1546 semper
1264 1481 1345 1528 cum
1364 1464 1514 1528 Plutone

308 1558 548 1652 comparatur.

406 1693 541 1758 Eodem
563 1695 668 1758 modo
692 1713 760 1778 quo
783 1695 850 1760 Isis
875 1697 982 1762 etiam
1005 1697 1097 1762 filius
1121 1697 1197 1761 eius
1217 1697 1513 1779 Harpocrates-⁹³2)

305 1803 507 1868 hominibus
531 1803 631 1868 cordi
654 1807 741 1885 erat,
776 1806 835 1887 qui
869 1805 1138 1888 cumplurimis
1167 1806 1221 1869 dis
1252 1806 1423 1871 confusus
1447 1813 1513 1872 est.
1576 1800 1578 1804 ’
1660 1895 1661 1912 ¹

304 1911 362 1976 Ita
383 1913 546 1976 videmus
570 1931 661 1992 eum,
688 1913 782 1995 quod
808 1914 962 1978 maxime
985 1915 1112 1978 mirum
1135 1916 1200 1996 est,
1227 1915 1381 1978 eundem
1404 1920 1513 1997 atque

304 2019 507 2085 Herculem.
551 2019 630 2084 Hoc
656 2020 794 2086 factum
821 2039 902 2086 esse
927 2021 973 2086 ex
995 2022 1074 2086 aliis
1095 2023 1186 2088 locis
1209 2023 1383 2087 videmus.
1429 2022 1513 2088 Cer·

305 2128 480 2192 tissimum
519 2127 590 2194 hoc
633 2128 672 2191 fit
716 2147 762 2193 ex
803 2130 883 2194 basi
919 2131 1033 2204 musei
1070 2132 1321 2213 antiquitatum
1356 2131 1513 2214 Aegypt.

304 2236 457 2301 Berolin.
502 2236 615 2316 (Ausi.
637 2235 872 2314 Verzeichn.2
898 2238 974 2315 330,
1005 2239 1134 2317 10231):
1172 2237 1221 2320 H[
1222 2286 1499 2304 ..............
1500 2237 1511 2323 ]

303 2342 638 2432 ΣἼὈΥᾼΑΊῸΣΙΣΥ
660 2343 678 2428 [.
697 2395 703 2410 .
720 2343 739 2428 .]
767 2365 865 2426 γορσυ
890 2345 1117 2433 προστατήσας
1141 2345 1179 2412 ιδ
1208 2347 1264 2411 Lo
1285 2350 1339 2412 acl
1366 2347 1415 2411 §L
1440 2343 1512 2412 ἀνέ-

274 2541 276 2544 .
304 2457 385 2539 θηκσ
399 2449 479 2540 παρ’
495 2451 591 2519 iacob
612 2451 699 2519 θεὸν
711 2459 815 2538 μέγαν
829 2451 988 2541 Ἢρακδιν
1004 2455 1084 2535 (sie)
1106 2457 1160 2522 καὶ
1184 2451 1428 2541 ’Λρποχράτηπ
1462 2456 1514 2520 La

303 2567 464 2647 Κα1σαρος
485 2567 646 2646 wopam&
667 2568 691 2627 έ.
735 2564 847 2628 Unius
872 2565 929 2628 dei
951 2568 1107 2628 statuam
1130 2563 1336 2628 dedicatam
1359 2581 1441 2629 esse
1465 2582 1514 2629 ex

304 2671 441 2736 duobus
474 2671 636 2754 oblongis
669 2672 903 2738 foraminibus
936 2672 1068 2754 pedum
1101 2671 1302 2736 certissimo
1335 2673 1512 2740 videmus.

302 2781 366 2846 Kal
387 2779 496 2862 igitur
517 2780 555 2843 in
576 2781 810 2862 inscriptione
840 2783 891 2845 ita
916 2781 1148 2862 interpretari
1175 2798 1264 2862 opus
1288 2784 1404 2845 estut
1426 2781 1513 2846 alibi

303 2885 321 2954 ὁ
344 2891 398 2953 καὶ
421 2888 481 2967 (cf.
506 2887 605 2954 OIG
626 2889 723 2968 4893)
745 2889 925 2954 Hercules
947 2889 1055 2970 igitur
1077 2888 1408 2971 est-Harpocrates.
1441 2889 1511 2956 Ita-

303 3013 372 3078 que
409 2997 518 3061 etiam
555 2997 663 3061 clava
697 2997 864 3064 Herculis
900 2997 1119 3079 Harpocrati
1157 2997 1360 3062 attribuitur
1398 2997 1516 3075 (Ausi

301 3104 430 3170 verz.2
455 3105 532 3186 362,
567 3104 670 3172 10516
702 3110 739 3170 et
769 3107 890 3172 Jahrb.
921 3105 952 3170 d.
978 3106 1085 3172 Arch.
1113 3105 1202 3171 Inst.
1223 3105 1308 3170 XIV
1333 3105 1415 3186 151).
1467 3105 1511 3171 In

303 3211 460 3277 Graecia
488 3211 638 3278 Prienae
664 3213 717 3280 ita
741 3215 859 3279 cultus
885 3214 1044 3278 videtur:
1077 3213 1215 3278 Inschr.
1238 3232 1271 3277 v.
1296 3213 1424 3278 Priene
1451 3214 1511 3280 194

389 3319 552 3404 νεωκορῶν
584 3319 748 3407 Σαράπιδι
774 3321 873 3387 Ἴσιδι
899 3318 1077 3403 'Aveldius
1109 3318 1333 3408 ιΑρποιιριὶπσι
1361 3320 1513 3408 Ἡρακλεῖ

300 3426 448 3514 detrita.
482 3430 673 3512 Inscriptio
688 3431 796 3514 igitur
810 3431 961 3496 Deliaca
977 3429 1124 3516 Ἠρακλεῖ
1144 3426 1318 3514 ἀλεξικάκῳ
1341 3431 1511 3496 dedicata

300 3537 367 3618 (53)
390 3539 522 3620 optime
546 3538 592 3602 ad
613 3539 877 3621 Harpocratem
904 3543 991 3621 apta
1021 3543 1085 3604 est.
1130 3540 1218 3604 Tum
1248 3541 1355 3606 etiam
1384 3539 1508 3605 titulus

299 3647 372 3712 iam
402 3650 511 3712 antea
540 3647 671 3732 citatus
700 3645 852 3733 Ἡρακλεῖ
876 3649 931 3712 καὶ
959 3643 1076 3733 Ἔρμετ
1097 3648 1351 3738 11αλᾱσοΙασιισὶ
1373 3654 1506 3731 potest:

295 3752 448 3839 Ἠρακλεῖ
465 3757 510 3840 τῷ
532 3758 586 3820 καὶ
613 3751 825 3847 Ἆρφοκράιῃ
845 3759 899 3820 καὶ
925 3752 1040 3842 Ἑρμεῖ
1057 3751 1103 3841 τῷ
1125 3759 1179 3820 καὶ
1208 3753 1392 3838 Ἀνοὺβιδι

402 3885 491 3952 Cum
513 3888 643 3954 Amore
665 3888 912 3971 Harpocrates
940 3889 1111 3954 confusus
1137 3894 1206 3954 est:
1239 3889 1326 3996 Dm?
1349 3887 1410 3954 IG
1432 3888 1508 3955 764:

294 3994 393 4060 Ἴσιδι
427 3999 571 4083 Σωτείρᾳ
608 3994 786 4084 Ἀστάρτει
825 3993 1009 4088 ’Λφροδίτῃ
1044 4000 1099 4062 καὶ
1130 3996 1251 4084 Ἔρωτι
1287 3993 1508 4085 ‘Appoaepo'res

399 4235 432 4300 31)
451 4235 539 4300 Quod
555 4252 667 4292 nomen
683 4238 781 4292 forma
798 4238 906 4306 spiritu
923 4237 985 4291 leni
1002 4237 1139 4306 praedita
1160 4235 1287 4310 ’Λρφοκμ
1310 4242 1363 4291 aut
1380 4235 1507 4311 Ἀρπσχρ

297 4319 507 4471 ίέῃξσὲσζέἓσι
525 4322 647 4377 venisse
665 4321 769 4414 docuit
785 4320 831 4421 11.
843 4320 983 4377 Schulzez
1004 4321 1147 4376 zeitschr.
1165 4321 1185 4374 f.
1203 4321 1263 4390 vgl.
1276 4319 1412 4390 Sprachs.
1428 4321 1464 4376 N.
1476 4320 1507 4378 F.
