3334 5358
787 502 985 566 ..73-

381 702 464 765 Post
486 700 742 766 Alexandriam
765 700 948 766 conditam
971 699 1127 783 Serapis,
1151 701 1210 782 qui
1233 704 1353 765 aetate
1377 700 1490 764 Ptole·

281 811 373 876 masi
396 811 500 892 primi
522 811 641 875 locum
662 808 812 874 Osiridis
836 809 1001 890 obtinuit,
1028 809 1149 874 statim
1173 809 1386 874 coniunctus
1409 825 1491 872 cum

280 920 375 984 Iside
403 920 439 982 in
467 919 574 982 urbes
601 917 778 984 Graeciae
804 918 960 982 intravit.
1005 917 1062 982 Ita
1088 917 1238 980 Athenis
1267 925 1304 980 et
1330 916 1492 981 Halicar-

279 1029 377 1092 nassi
413 1028 484 1092 iam
521 1033 696 1107 regnante
734 1026 938 1091 Ptolemaeo
975 1027 1088 1107 primo
1125 1025 1314 1090 invenitur.
1369 1025 1488 1106 Atque

280 1137 386 1218 paulo
420 1135 675 1217 posterioribus
709 1135 928 1218 temporibus
961 1135 1175 1215 praesertim
1208 1134 1344 1198 insulas
1377 1134 1487 1198 maris

279 1245 417 1328 Aegaei
439 1244 601 1324 intravit,
630 1261 700 1326 qua
726 1243 762 1308 in
788 1261 827 1307 re
850 1244 1036 1326 imperium
1059 1242 1345 1306 Ptolemaeorum
1367 1243 1490 1322 magni

280 1353 450 1431 momenti
470 1357 563 1432 crat;
587 1355 712 1416 extant
728 1351 946 1416 documenta
968 1351 1070 1416 huius
1094 1352 1265 1434 temporis
1288 1370 1353 1434 per
1378 1356 1490 1415 totum

282 1479 379 1526 mare
402 1462 595 1542 Aegaeum.
630 1459 764 1524 Eodem
787 1461 891 1525 modo
916 1461 950 1524 in
973 1461 1080 1524 urbes
1102 1461 1208 1526 Asiae
1232 1460 1375 1525 introiit.
1409 1460 1490 1525 Por·

280 1577 378 1635 tasse
408 1576 479 1634 tum
512 1569 619 1634 etiam
646 1569 865 1633 Mantineam
891 1569 1001 1633 venit.
1056 1569 1160 1634 Paulo
1189 1577 1271 1651 post
1296 1570 1489 1634 verisimile

281 1683 336 1743 est
359 1680 492 1744 cultum
515 1696 581 1759 per
603 1683 714 1742 totam
740 1677 894 1742 mediam
919 1676 1111 1744 Graeciam
1136 1696 1365 1760 progressum
1393 1697 1489 1758 esse3

282 1806 364 1851 nam
381 1788 422 1850 ΙΙ.
438 1806 465 1852 s.
483 1805 563 1851 eum
579 1787 866 1852 florentissimum
882 1787 1083 1851 invenimus
1100 1787 1135 1850 in
1147 1785 1305 1867 Boeotia,
1321 1786 1488 1866 Phocide,

280 1896 435 1975 Euboea,
458 1895 636 1978 Argolide,
659 1907 850 1977 praeterea
872 1896 909 1959 in
931 1895 1118 1959 Thessalia
1140 1899 1176 1958 et
1198 1895 1315 1976 Epiro.
1354 1894 1487 1960 Contra

281 2005 316 2066 in
340 2004 507 2068 civitates
531 2003 749 2085 principales
773 2003 1010 2084 Peloponnesi
1037 2005 1172 2068 cultum
1194 2003 1349 2068 fortasse
1371 2007 1488 2085 poste·

280 2113 432 2176 rioribus
449 2112 589 2176 demum
613 2113 831 2194 temporibus
854 2112 999 2176 venisse
1022 2112 1185 2176 vidimus.
1220 2111 1245 2176 I.
1263 2131 1288 2176 s
1305 2132 1337 2194 p.
1356 2111 1435 2177 Chr.
1453 2131 1485 2176 n.

281 2208 393 2300 (circa
413 2219 467 2296 63)
490 2220 651 2285 Athenas
679 2220 894 2284 sacrificium
920 2220 1161 2285 introductum
1188 2227 1258 2299 est,
1288 2221 1381 2302 quod
1412 2219 1487 2286 Osi-

280 2329 347 2392 ridi
386 2335 422 2394 et
454 2329 636 2411 Nephthyi
670 2347 711 2393 eo
747 2328 804 2392 die
840 2328 952 2403 datur,
990 2347 1059 2410 quo
1094 2327 1206 2394 Osiris
1243 2329 1402 2394 mortuus
1438 2331 1487 2393 lu·
1557 2394 1562 2400 ,

281 2445 394 2520 getur.
450 2438 585 2502 Eodem
621 2437 766 2502 saeculo
800 2437 951 2502 Athenis
986 2439 1094 2502 etiam
1127 2439 1280 2503 alterurn
1317 2440 1487 2520 templum

280 2546 383 2612 Isidis
412 2551 499 2611 erat.

377 2656 468 2720 vTum
481 2656 523 2719 ΙΙ.
538 2675 563 2719 s.
577 2674 610 2736 p.
623 2653 703 2719 Chr.
717 2675 750 2719 n.
764 2656 880 2720 cultus
893 2655 1046 2719 omnium
1061 2655 1104 2718 de
1119 2656 1244 2738 quibus
1258 2656 1391 2720 scimus
1403 2663 1490 2719 tem-

280 2783 405 2846 porum
417 2765 571 2828 maxime
583 2769 805 2845 propagatus
819 2767 883 2828 est.
908 2763 1212 2842 (Praedicandum
1224 2767 1342 2828 autern
1354 2769 1410 2829 est
1422 2783 1488 2829 nos

281 2874 340 2938 hic
363 2874 515 2936 materia
537 2872 646 2936 multo
673 2872 837 2937 uberiore
865 2872 930 2936 uti:
965 2873 1145 2936 accedunt
1168 2873 1214 2936 ad
1237 2872 1489 2954 inscriptiones

280 2981 477 3046 Pausanias
507 2985 542 3044 et
572 2980 704 3044 nummi
734 2980 1013 3061 imperatorum.)
1057 2983 1173 3064 Atque
1208 2987 1362 3065 aguntur
1396 2999 1488 3063 quae

281 3089 447 3153 dicuntur
469 3088 651 3170 mysteria,
680 3089 774 3169 quod
802 3107 848 3153 ex
869 3089 1019 3171 Apuleio
1042 3090 1215 3156 videmus.
1260 3091 1345 3154 Tum
1369 3091 1486 3154 cultus

280 3215 345 3279 per
367 3198 511 3262 tertium
532 3197 715 3261 saeculum
738 3197 863 3262 floruit.
897 3198 1068 3262 Extrema
1090 3199 1306 3263 documenta
1330 3198 1406 3262 eius
1429 3216 1488 3263 ex-

281 3311 358 3369 tant
394 3305 587 3386 Mytilenae
625 3306 748 3387 (usqne
786 3305 864 3370 fere
902 3307 948 3369 ad
985 3324 1115 3370 annum
1153 3305 1227 3384 269)
1266 3312 1301 3368 et
1337 3307 1487 3370 Athenis

281 3415 374 3494 (post
400 3413 485 3493 337).

380 3521 456 3586 Iam
478 3527 586 3586 antea
607 3522 680 3586 dixi
695 3523 846 3587 alteram
869 3525 1137 3606 propagationis
1153 3535 1293 3605 partem
1308 3522 1485 3604 insignem

281 3648 361 3694 esse
389 3628 562 3710 Serapide
597 3635 634 3694 et
659 3631 753 3695 Iside
788 3633 999 3698 coniunctis.
1043 3633 1160 3714 Atque
1193 3649 1324 3696 revera
1354 3632 1485 3714 ubique

184 3822 187 3830 μ
281 3737 463 3802 coniuncti
488 3738 662 3803 coluntur.
698 3739 746 3802 Iis
769 3757 878 3822 saepe
902 3741 1044 3806 additus
1068 3747 1124 3806 est
1146 3741 1289 3805 Anubis.
1325 3740 1413 3804 Tres
1435 3740 1485 3804 illi

282 3847 466 3911 coniuncti
503 3846 668 3911 coluntur
704 3851 815 3912 totam
853 3867 918 3929 per
953 3849 1156 3930 Boeotiam,
1199 3848 1407 3930 Phocidem,
1449 3849 1485 3912 in

279 3955 478 4035 Thessalia,
509 3953 668 4036 Euboea,
695 3956 850 4038 Therae,
877 3958 1037 4040 Amorgi,
1063 3958 1226 4022 Prienae.
1271 3955 1407 4035 Quibus
1430 3957 1482 4019 dis

280 4063 424 4128 accedit
445 4061 705 4144 Harpocrates:
732 4065 958 4147 Ambraciae,
980 4065 1138 4148 Larisae,
1162 4065 1248 4144 Chii,
1271 4067 1483 4147 praesertim

280 4171 377 4252 Deli;
407 4172 471 4236 sed
498 4172 608 4235 etiarn
631 4172 689 4236 hic
711 4173 850 4254 priores
874 4179 910 4236 et
933 4173 1077 4257 Serapis
1100 4175 1167 4238 Isis
1191 4179 1227 4238 et
1249 4173 1394 4256 Serapis
1417 4175 1483 4238 lsis

279 4280 414 4344 Anubis
438 4281 549 4344 artius
573 4280 755 4346 coniuncti
779 4289 870 4348 sunt.
915 4281 1092 4347 Sacerdos
1116 4301 1259 4366 semper
1280 4283 1358 4349 fere
1382 4281 1483 4348 Sera·

280 4388 373 4470 pidis
396 4389 607 4469 nominatur,
631 4389 738 4454 etiam
762 4390 821 4456 nbi
844 4395 944 4456 certo
968 4391 1100 4456 seimus
1124 4393 1230 4457 etiam
1254 4393 1325 4457 alia
1339 4395 1483 4458 numina
