<?xml version="1.0" encoding="UTF-8"?>
<!DOCTYPE html PUBLIC "-//W3C//DTD XHTML 1.0 Transitional//EN"
    "http://www.w3.org/TR/xhtml1/DTD/xhtml1-transitional.dtd">
<html xmlns="http://www.w3.org/1999/xhtml" xml:lang="en" lang="en">
 <head>
  <title>
</title>
<meta http-equiv="Content-Type" content="text/html;charset=utf-8" />
  <meta name='ocr-system' content='tesseract 3.04.00' />
  <meta name='ocr-capabilities' content='ocr_page ocr_carea ocr_par ocr_line ocrx_word'/>
</head>
<body>
  <div class='ocr_page' id='page_1' title='image "./deserapideetisi00ruscgoog_0041.png"; bbox 0 0 3334 5358; ppageno 0'>
   <div class='ocr_carea' id='block_1_1' title="bbox 856 490 1064 555">
    <p class='ocr_par' dir='ltr' id='par_1_1' title="bbox 856 490 1064 555">
     <span class='ocr_line' id='line_1_1' title="bbox 856 490 1064 555; baseline -0.01 -19"><span class='ocrx_word' id='word_1_1' title='bbox 856 490 1064 555; x_wconf 69' lang='lat'><strong>..34-</strong></span> 
     </span>
    </p>
   </div>
   <div class='ocr_carea' id='block_1_2' title="bbox 346 689 1569 4237">
    <p class='ocr_par' dir='ltr' id='par_1_2' title="bbox 357 689 1569 1194">
     <span class='ocr_line' id='line_1_2' title="bbox 459 689 1566 773; baseline 0 -15"><span class='ocrx_word' id='word_1_2' title='bbox 459 691 517 758; x_wconf 91' lang='lat' dir='ltr'><strong>IV.</strong></span> <span class='ocrx_word' id='word_1_3' title='bbox 547 689 601 758; x_wconf 90' lang='lat' dir='ltr'><strong>De</strong></span> <span class='ocrx_word' id='word_1_4' title='bbox 624 691 718 757; x_wconf 87' lang='lat' dir='ltr'><strong>Iside</strong></span> <span class='ocrx_word' id='word_1_5' title='bbox 742 689 938 756; x_wconf 81' lang='lat' dir='ltr'><strong>Phliunte</strong></span> <span class='ocrx_word' id='word_1_6' title='bbox 962 689 1058 755; x_wconf 86' lang='lat' dir='ltr'><strong>culta</strong></span> <span class='ocrx_word' id='word_1_7' title='bbox 1073 691 1271 756; x_wconf 79' lang='lat' dir='ltr'><strong>Pausanias</strong></span> <span class='ocrx_word' id='word_1_8' title='bbox 1287 692 1322 756; x_wconf 94' lang='grc' dir='ltr'>Π</span> <span class='ocrx_word' id='word_1_9' title='bbox 1340 694 1385 773; x_wconf 88' lang='grc'><strong>13,</strong></span> <span class='ocrx_word' id='word_1_10' title='bbox 1402 693 1421 756; x_wconf 88' lang='grc'><strong>7</strong></span> <span class='ocrx_word' id='word_1_11' title='bbox 1441 694 1566 758; x_wconf 80' lang='lat' dir='ltr'><strong>tradit:</strong></span> 
     </span>
     <span class='ocr_line' id='line_1_3' title="bbox 358 795 1569 890; baseline -0.002 -20"><span class='ocrx_word' id='word_1_12' title='bbox 358 800 521 870; x_wconf 79' lang='grc' dir='ltr'><strong><em>Διονύσου</em></strong></span> <span class='ocrx_word' id='word_1_13' title='bbox 547 805 660 890; x_wconf 81' lang='grc' dir='ltr'><strong><em>σφίσιν</em></strong></span> <span class='ocrx_word' id='word_1_14' title='bbox 685 797 773 886; x_wconf 68' lang='grc' dir='ltr'><strong><em>ἱερόν</em></strong></span> <span class='ocrx_word' id='word_1_15' title='bbox 797 799 887 863; x_wconf 76' lang='grc' dir='ltr'><strong><em>ἐστιν</em></strong></span> <span class='ocrx_word' id='word_1_16' title='bbox 915 795 1060 886; x_wconf 73' lang='grc' dir='ltr'><strong><em>ἀρχαῖον,</em></strong></span> <span class='ocrx_word' id='word_1_17' title='bbox 1094 799 1162 866; x_wconf 79' lang='grc' dir='ltr'><strong><em>ἔστι</em></strong></span> <span class='ocrx_word' id='word_1_18' title='bbox 1194 801 1230 866; x_wconf 79' lang='grc' dir='ltr'><strong>δὲ</strong></span> <span class='ocrx_word' id='word_1_19' title='bbox 1261 805 1314 866; x_wconf 75' lang='grc' dir='ltr'><strong>καὶ</strong></span> <span class='ocrx_word' id='word_1_20' title='bbox 1343 799 1569 879; x_wconf 74' lang='grc' dir='ltr'><strong><em>’Λπόλλωνος</em></strong></span> 
     </span>
     <span class='ocr_line' id='line_1_4' title="bbox 358 907 1566 992; baseline -0.002 -14"><span class='ocrx_word' id='word_1_21' title='bbox 358 913 411 978; x_wconf 76' lang='lat' dir='ltr'><strong>aot</strong></span> <span class='ocrx_word' id='word_1_22' title='bbox 439 907 519 976; x_wconf 78' lang='grc' dir='ltr'><strong><em>ἄλλο</em></strong></span> <span class='ocrx_word' id='word_1_23' title='bbox 542 907 672 990; x_wconf 56' lang='grc' dir='ltr'><strong><em>Ἴσιδος</em></strong></span> <span class='ocrx_word' id='word_1_24' title='bbox 706 913 844 974; x_wconf 88' lang='lat' dir='ltr'><strong>statuas</strong></span> <span class='ocrx_word' id='word_1_25' title='bbox 872 914 1075 972; x_wconf 85' lang='lat' dir='ltr'><strong>ceterorum</strong></span> <span class='ocrx_word' id='word_1_26' title='bbox 1101 909 1283 974; x_wconf 91' lang='lat' dir='ltr'><strong>numinum</strong></span> <span class='ocrx_word' id='word_1_27' title='bbox 1310 911 1406 974; x_wconf 92' lang='lat' dir='ltr'><strong>omni</strong></span> <span class='ocrx_word' id='word_1_28' title='bbox 1432 912 1566 992; x_wconf 90' lang='lat' dir='ltr'><strong>populo</strong></span> 
     </span>
     <span class='ocr_line' id='line_1_5' title="bbox 357 1016 1565 1100; baseline -0.001 -16"><span class='ocrx_word' id='word_1_29' title='bbox 357 1017 469 1084; x_wconf 76' lang='lat' dir='ltr'><strong>licum</strong></span> <span class='ocrx_word' id='word_1_30' title='bbox 485 1017 621 1100; x_wconf 85' lang='lat' dir='ltr'><strong>vidore,</strong></span> <span class='ocrx_word' id='word_1_31' title='bbox 638 1016 744 1083; x_wconf 88' lang='lat' dir='ltr'><strong>Isidis</strong></span> <span class='ocrx_word' id='word_1_32' title='bbox 760 1017 894 1082; x_wconf 90' lang='lat' dir='ltr'><strong>nemini</strong></span> <span class='ocrx_word' id='word_1_33' title='bbox 908 1016 976 1081; x_wconf 93' lang='lat' dir='ltr'><strong>nisi</strong></span> <span class='ocrx_word' id='word_1_34' title='bbox 992 1017 1182 1099; x_wconf 83' lang='lat' dir='ltr'><strong>sacerdoti,</strong></span> <span class='ocrx_word' id='word_1_35' title='bbox 1206 1019 1264 1082; x_wconf 85' lang='lat' dir='ltr'><strong>oui</strong></span> <span class='ocrx_word' id='word_1_36' title='bbox 1278 1029 1478 1100; x_wconf 83' lang='lat' dir='ltr'><strong>praecepto</strong></span> <span class='ocrx_word' id='word_1_37' title='bbox 1494 1019 1565 1084; x_wconf 90' lang='lat' dir='ltr'><strong>iam</strong></span> 
     </span>
     <span class='ocr_line' id='line_1_6' title="bbox 358 1125 801 1194; baseline -0.002 -4"><span class='ocrx_word' id='word_1_38' title='bbox 358 1125 547 1194; x_wconf 80' lang='lat' dir='ltr'><strong>Tithoreae</strong></span> <span class='ocrx_word' id='word_1_39' title='bbox 570 1125 801 1192; x_wconf 85' lang='lat' dir='ltr'><strong>occurrimus.</strong></span> 
     </span>
    </p>

    <p class='ocr_par' dir='ltr' id='par_1_3' title="bbox 352 1231 1566 2290">
     <span class='ocr_line' id='line_1_7' title="bbox 458 1231 1565 1318; baseline 0.003 -20"><span class='ocrx_word' id='word_1_40' title='bbox 458 1231 498 1300; x_wconf 89' lang='lat' dir='ltr'><strong>V.</strong></span> <span class='ocrx_word' id='word_1_41' title='bbox 531 1233 653 1317; x_wconf 86' lang='lat' dir='ltr'><strong>Argis</strong></span> <span class='ocrx_word' id='word_1_42' title='bbox 678 1251 842 1300; x_wconf 88' lang='lat' dir='ltr'><strong>nummus</strong></span> <span class='ocrx_word' id='word_1_43' title='bbox 863 1232 1038 1298; x_wconf 85' lang='lat' dir='ltr'><strong>Hadriani</strong></span> <span class='ocrx_word' id='word_1_44' title='bbox 1066 1232 1155 1312; x_wconf 84' lang='lat' dir='ltr'><strong>(Cat.</strong></span> <span class='ocrx_word' id='word_1_45' title='bbox 1179 1235 1219 1298; x_wconf 86' lang='lat' dir='ltr'><strong>of</strong></span> <span class='ocrx_word' id='word_1_46' title='bbox 1239 1233 1295 1299; x_wconf 88' lang='lat' dir='ltr'><strong>Gr.</strong></span> <span class='ocrx_word' id='word_1_47' title='bbox 1319 1236 1420 1300; x_wconf 91' lang='lat' dir='ltr'><strong>ooins</strong></span> <span class='ocrx_word' id='word_1_48' title='bbox 1443 1237 1565 1318; x_wconf 92' lang='lat' dir='ltr'><strong>Pelop.</strong></span> 
     </span>
     <span class='ocr_line' id='line_1_8' title="bbox 361 1341 1566 1434; baseline 0.002 -28"><span class='ocrx_word' id='word_1_49' title='bbox 361 1341 527 1426; x_wconf 86' lang='grc'>148,151;</span> <span class='ocrx_word' id='word_1_50' title='bbox 560 1343 598 1425; x_wconf 94' lang='lat' dir='ltr'><strong>pl</strong></span> <span class='ocrx_word' id='word_1_51' title='bbox 629 1341 782 1408; x_wconf 89' lang='lat' dir='ltr'>XXVIII</span> <span class='ocrx_word' id='word_1_52' title='bbox 808 1342 856 1422; x_wconf 86' lang='grc'><strong>13)</strong></span> <span class='ocrx_word' id='word_1_53' title='bbox 891 1341 1046 1406; x_wconf 86' lang='lat' dir='ltr'><strong>ostendit</strong></span> <span class='ocrx_word' id='word_1_54' title='bbox 1069 1342 1174 1406; x_wconf 85' lang='lat' dir='ltr'><strong>deam</strong></span> <span class='ocrx_word' id='word_1_55' title='bbox 1196 1342 1234 1408; x_wconf 90' lang='lat' dir='ltr'><strong>in</strong></span> <span class='ocrx_word' id='word_1_56' title='bbox 1256 1342 1343 1434; x_wconf 90' lang='lat' dir='ltr'><strong>solio</strong></span> <span class='ocrx_word' id='word_1_57' title='bbox 1367 1343 1566 1424; x_wconf 82' lang='lat' dir='ltr'><strong>sedentem,</strong></span> 
     </span>
     <span class='ocr_line' id='line_1_9' title="bbox 358 1447 1565 1536; baseline 0 -20"><span class='ocrx_word' id='word_1_58' title='bbox 358 1466 451 1536; x_wconf 83' lang='lat' dir='ltr'><strong>quaa</strong></span> <span class='ocrx_word' id='word_1_59' title='bbox 484 1467 634 1533; x_wconf 87' lang='lat' dir='ltr'><strong>puerum</strong></span> <span class='ocrx_word' id='word_1_60' title='bbox 670 1455 777 1516; x_wconf 88' lang='lat' dir='ltr'><strong>tenet.</strong></span> <span class='ocrx_word' id='word_1_61' title='bbox 831 1447 947 1530; x_wconf 78' lang='lat' dir='ltr'><strong>Quam</strong></span> <span class='ocrx_word' id='word_1_62' title='bbox 983 1452 1139 1516; x_wconf 86' lang='lat' dir='ltr'><strong>fortasse</strong></span> <span class='ocrx_word' id='word_1_63' title='bbox 1175 1455 1277 1515; x_wconf 88' lang='lat' dir='ltr'><strong>reote</strong></span> <span class='ocrx_word' id='word_1_64' title='bbox 1309 1451 1395 1514; x_wconf 87' lang='lat' dir='ltr'>Isim</span> <span class='ocrx_word' id='word_1_65' title='bbox 1427 1451 1565 1516; x_wconf 89' lang='lat' dir='ltr'><strong>Horum</strong></span> 
     </span>
     <span class='ocr_line' id='line_1_10' title="bbox 358 1559 1565 1642; baseline -0.003 -16"><span class='ocrx_word' id='word_1_66' title='bbox 358 1563 540 1627; x_wconf 88' lang='lat' dir='ltr'><strong>tenentem</strong></span> <span class='ocrx_word' id='word_1_67' title='bbox 562 1559 854 1642; x_wconf 81' lang='lat' dir='ltr'><strong>interpretamur3</strong></span> <span class='ocrx_word' id='word_1_68' title='bbox 886 1577 1003 1642; x_wconf 87' lang='lat' dir='ltr'><strong>neque</strong></span> <span class='ocrx_word' id='word_1_69' title='bbox 1031 1560 1125 1624; x_wconf 91' lang='lat' dir='ltr'><strong>enim</strong></span> <span class='ocrx_word' id='word_1_70' title='bbox 1148 1559 1321 1623; x_wconf 86' lang='lat' dir='ltr'><strong>attributa</strong></span> <span class='ocrx_word' id='word_1_71' title='bbox 1343 1560 1419 1624; x_wconf 90' lang='lat' dir='ltr'><strong>eius</strong></span> <span class='ocrx_word' id='word_1_72' title='bbox 1443 1560 1565 1623; x_wconf 84' lang='lat' dir='ltr'><strong>distin-</strong></span> 
     </span>
     <span class='ocr_line' id='line_1_11' title="bbox 355 1667 1564 1752; baseline -0.004 -18"><span class='ocrx_word' id='word_1_73' title='bbox 355 1684 465 1752; x_wconf 77' lang='lat' dir='ltr'><strong>guere</strong></span> <span class='ocrx_word' id='word_1_74' title='bbox 498 1685 701 1752; x_wconf 83' lang='lat' dir='ltr'><strong>possumus3</strong></span> <span class='ocrx_word' id='word_1_75' title='bbox 734 1667 879 1732; x_wconf 83' lang='lat' dir='ltr'><strong>aceedit</strong></span> <span class='ocrx_word' id='word_1_76' title='bbox 912 1668 1006 1750; x_wconf 89' lang='lat' dir='ltr'><strong>quod</strong></span> <span class='ocrx_word' id='word_1_77' title='bbox 1031 1668 1116 1732; x_wconf 86' lang='lat' dir='ltr'>Isim</span> <span class='ocrx_word' id='word_1_78' title='bbox 1142 1667 1276 1732; x_wconf 87' lang='lat' dir='ltr'><strong>Horum</strong></span> <span class='ocrx_word' id='word_1_79' title='bbox 1309 1673 1495 1732; x_wconf 86' lang='lat' dir='ltr'><strong>tenentem</strong></span> <span class='ocrx_word' id='word_1_80' title='bbox 1527 1667 1564 1730; x_wconf 88' lang='lat' dir='ltr'><strong>in</strong></span> 
     </span>
     <span class='ocr_line' id='line_1_12' title="bbox 354 1773 1565 1858; baseline -0.005 -13"><span class='ocrx_word' id='word_1_81' title='bbox 354 1773 509 1845; x_wconf 76' lang='lat' dir='ltr'><strong>Graecia</strong></span> <span class='ocrx_word' id='word_1_82' title='bbox 541 1793 613 1842; x_wconf 91' lang='lat' dir='ltr'><strong>non</strong></span> <span class='ocrx_word' id='word_1_83' title='bbox 644 1775 719 1840; x_wconf 84' lang='lat' dir='ltr'><strong>vidi</strong></span> <span class='ocrx_word' id='word_1_84' title='bbox 755 1775 824 1840; x_wconf 91' lang='lat' dir='ltr'><strong>nisi</strong></span> <span class='ocrx_word' id='word_1_85' title='bbox 859 1776 896 1840; x_wconf 91' lang='lat' dir='ltr'><strong>in</strong></span> <span class='ocrx_word' id='word_1_86' title='bbox 931 1794 1074 1841; x_wconf 89' lang='lat' dir='ltr'><strong>nummo</strong></span> <span class='ocrx_word' id='word_1_87' title='bbox 1107 1776 1378 1858; x_wconf 87' lang='lat' dir='ltr'><strong>Philadelphiae</strong></span> <span class='ocrx_word' id='word_1_88' title='bbox 1413 1776 1565 1856; x_wconf 85' lang='lat' dir='ltr'><strong>Lydiae.</strong></span> 
     </span>
     <span class='ocr_line' id='line_1_13' title="bbox 354 1883 1564 1966; baseline -0.003 -16"><span class='ocrx_word' id='word_1_89' title='bbox 354 1883 405 1966; x_wconf 88' lang='lat' dir='ltr'><strong>(B.</strong></span> <span class='ocrx_word' id='word_1_90' title='bbox 421 1903 456 1951; x_wconf 83' lang='lat' dir='ltr'><strong>v.</strong></span> <span class='ocrx_word' id='word_1_91' title='bbox 471 1884 575 1952; x_wconf 88' lang='lat' dir='ltr'><strong>Head</strong></span> <span class='ocrx_word' id='word_1_92' title='bbox 594 1883 678 1964; x_wconf 84' lang='lat'>552.)</span> <span class='ocrx_word' id='word_1_93' title='bbox 710 1884 795 1948; x_wconf 86' lang='lat' dir='ltr'><strong>Isim</strong></span> <span class='ocrx_word' id='word_1_94' title='bbox 817 1889 938 1948; x_wconf 89' lang='lat' dir='ltr'><strong>autem</strong></span> <span class='ocrx_word' id='word_1_95' title='bbox 953 1884 1058 1966; x_wconf 78' lang='lat' dir='ltr'><strong>ArgiS</strong></span> <span class='ocrx_word' id='word_1_96' title='bbox 1082 1885 1216 1949; x_wconf 86' lang='lat' dir='ltr'><strong>cultam</strong></span> <span class='ocrx_word' id='word_1_97' title='bbox 1239 1903 1320 1950; x_wconf 88' lang='lat' dir='ltr'><strong>esse</strong></span> <span class='ocrx_word' id='word_1_98' title='bbox 1342 1884 1564 1966; x_wconf 81' lang='lat' dir='ltr'><strong>posteriores</strong></span> 
     </span>
     <span class='ocr_line' id='line_1_14' title="bbox 353 1989 1563 2073; baseline -0.003 -15"><span class='ocrx_word' id='word_1_99' title='bbox 353 1993 487 2058; x_wconf 90' lang='lat' dir='ltr'><strong>nummi</strong></span> <span class='ocrx_word' id='word_1_100' title='bbox 510 1992 757 2059; x_wconf 84' lang='lat' dir='ltr'><strong>demonstrant</strong></span> <span class='ocrx_word' id='word_1_101' title='bbox 771 1992 941 2056; x_wconf 89' lang='lat' dir='ltr'><strong>Antonini</strong></span> <span class='ocrx_word' id='word_1_102' title='bbox 962 1993 1022 2073; x_wconf 89' lang='lat' dir='ltr'><strong>pii,</strong></span> <span class='ocrx_word' id='word_1_103' title='bbox 1042 1989 1234 2072; x_wconf 84' lang='lat' dir='ltr'><strong>Commodi,</strong></span> <span class='ocrx_word' id='word_1_104' title='bbox 1258 1991 1409 2073; x_wconf 88' lang='lat' dir='ltr'><strong>Septimi</strong></span> <span class='ocrx_word' id='word_1_105' title='bbox 1424 1991 1563 2070; x_wconf 87' lang='lat' dir='ltr'><strong>Severi,</strong></span> 
     </span>
     <span class='ocr_line' id='line_1_15' title="bbox 352 2099 1564 2182; baseline -0.005 -15"><span class='ocrx_word' id='word_1_106' title='bbox 352 2099 384 2168; x_wconf 89' lang='lat' dir='ltr'><strong>J.</strong></span> <span class='ocrx_word' id='word_1_107' title='bbox 399 2099 554 2182; x_wconf 85' lang='lat' dir='ltr'><strong>lloesao,</strong></span> <span class='ocrx_word' id='word_1_108' title='bbox 576 2099 821 2182; x_wconf 39' lang='lat' dir='ltr'><strong>Mamaeae&amp;</strong></span> <span class='ocrx_word' id='word_1_109' title='bbox 843 2101 902 2182; x_wconf 91' lang='lat' dir='ltr'><strong>qui</strong></span> <span class='ocrx_word' id='word_1_110' title='bbox 916 2100 1002 2164; x_wconf 90' lang='lat' dir='ltr'><strong>Isim</strong></span> <span class='ocrx_word' id='word_1_111' title='bbox 1024 2107 1180 2164; x_wconf 87' lang='lat' dir='ltr'><strong>stantem</strong></span> <span class='ocrx_word' id='word_1_112' title='bbox 1201 2100 1341 2182; x_wconf 86' lang='lat' dir='ltr'><strong>fingunt</strong></span> <span class='ocrx_word' id='word_1_113' title='bbox 1364 2100 1396 2164; x_wconf 82' lang='lat' dir='ltr'><strong>d</strong></span> <span class='ocrx_word' id='word_1_114' title='bbox 1417 2100 1564 2163; x_wconf 87' lang='lat' dir='ltr'><strong>sistrum</strong></span> 
     </span>
     <span class='ocr_line' id='line_1_16' title="bbox 353 2207 1510 2290; baseline -0.005 -14"><span class='ocrx_word' id='word_1_115' title='bbox 353 2209 546 2276; x_wconf 85' lang='lat' dir='ltr'><strong>s.situla1n</strong></span> <span class='ocrx_word' id='word_1_116' title='bbox 569 2215 633 2274; x_wconf 85' lang='lat' dir='ltr'><strong>ant</strong></span> <span class='ocrx_word' id='word_1_117' title='bbox 653 2207 776 2274; x_wconf 87' lang='lat' dir='ltr'><strong>florem</strong></span> <span class='ocrx_word' id='word_1_118' title='bbox 800 2211 942 2290; x_wconf 88' lang='lat' dir='ltr'><strong>(nempe</strong></span> <span class='ocrx_word' id='word_1_119' title='bbox 964 2209 1041 2286; x_wconf 84' lang='lat' dir='ltr'><strong>loti)</strong></span> <span class='ocrx_word' id='word_1_120' title='bbox 1064 2217 1126 2274; x_wconf 87' lang='lat' dir='ltr'><strong>aut</strong></span> <span class='ocrx_word' id='word_1_121' title='bbox 1147 2210 1290 2274; x_wconf 83' lang='lat' dir='ltr'><strong>hastam</strong></span> <span class='ocrx_word' id='word_1_122' title='bbox 1314 2213 1510 2272; x_wconf 84' lang='lat' dir='ltr'><strong>tenentem.</strong></span> 
     </span>
    </p>

    <p class='ocr_par' dir='ltr' id='par_1_4' title="bbox 351 2314 1563 2724">
     <span class='ocr_line' id='line_1_17' title="bbox 454 2314 1563 2394; baseline -0.004 -12"><span class='ocrx_word' id='word_1_123' title='bbox 454 2315 636 2382; x_wconf 83' lang='lat' dir='ltr'><strong>Cleonis:</strong></span> <span class='ocrx_word' id='word_1_124' title='bbox 662 2333 825 2382; x_wconf 89' lang='lat' dir='ltr'><strong>nummus</strong></span> <span class='ocrx_word' id='word_1_125' title='bbox 849 2315 1076 2382; x_wconf 71' lang='lat' dir='ltr'><strong>Caracallus:</strong></span> <span class='ocrx_word' id='word_1_126' title='bbox 1098 2318 1166 2382; x_wconf 92' lang='lat' dir='ltr'><strong>Isis</strong></span> <span class='ocrx_word' id='word_1_127' title='bbox 1188 2316 1319 2381; x_wconf 84' lang='lat' dir='ltr'><strong>Pharia</strong></span> <span class='ocrx_word' id='word_1_128' title='bbox 1341 2317 1391 2394; x_wconf 91' lang='lat' dir='ltr'><strong>(B.</strong></span> <span class='ocrx_word' id='word_1_129' title='bbox 1407 2335 1442 2380; x_wconf 80' lang='grc' dir='ltr'><strong>ν.</strong></span> <span class='ocrx_word' id='word_1_130' title='bbox 1457 2314 1563 2380; x_wconf 88' lang='lat' dir='ltr'><strong>Head</strong></span> 
     </span>
     <span class='ocr_line' id='line_1_18' title="bbox 352 2421 1563 2508; baseline -0.007 -14"><span class='ocrx_word' id='word_1_131' title='bbox 352 2425 422 2494; x_wconf 70' lang='lat'><strong>369.</strong></span> <span class='ocrx_word' id='word_1_132' title='bbox 454 2425 605 2491; x_wconf 80' lang='lat' dir='ltr'><strong>imn-Bl.</strong></span> <span class='ocrx_word' id='word_1_133' title='bbox 626 2442 744 2490; x_wconf 90' lang='lat' dir='ltr'><strong>moun.</strong></span> <span class='ocrx_word' id='word_1_134' title='bbox 765 2422 824 2490; x_wconf 81' lang='lat' dir='ltr'><strong>Gr.</strong></span> <span class='ocrx_word' id='word_1_135' title='bbox 848 2423 916 2504; x_wconf 83' lang='grc'>159,</span> <span class='ocrx_word' id='word_1_136' title='bbox 938 2425 989 2504; x_wconf 79' lang='lat' dir='ltr'><strong>to)</strong></span> <span class='ocrx_word' id='word_1_137' title='bbox 1015 2431 1052 2490; x_wconf 92' lang='lat' dir='ltr'><strong>et</strong></span> <span class='ocrx_word' id='word_1_138' title='bbox 1079 2425 1279 2508; x_wconf 75' lang='lat' dir='ltr'><strong>Plautinae,</strong></span> <span class='ocrx_word' id='word_1_139' title='bbox 1306 2424 1427 2488; x_wconf 82' lang='lat' dir='ltr'><strong>uxoris</strong></span> <span class='ocrx_word' id='word_1_140' title='bbox 1455 2421 1563 2488; x_wconf 81' lang='lat' dir='ltr'><strong>Cara</strong></span> 
     </span>
     <span class='ocr_line' id='line_1_19' title="bbox 353 2531 1562 2610; baseline -0.005 -10"><span class='ocrx_word' id='word_1_141' title='bbox 353 2533 484 2600; x_wconf 75' lang='lat' dir='ltr'><strong>oollae:</strong></span> <span class='ocrx_word' id='word_1_142' title='bbox 527 2533 596 2598; x_wconf 87' lang='lat' dir='ltr'><strong>Isis</strong></span> <span class='ocrx_word' id='word_1_143' title='bbox 633 2532 778 2598; x_wconf 89' lang='lat' dir='ltr'><strong>sistrum</strong></span> <span class='ocrx_word' id='word_1_144' title='bbox 821 2537 858 2597; x_wconf 90' lang='lat' dir='ltr'><strong>et</strong></span> <span class='ocrx_word' id='word_1_145' title='bbox 894 2549 960 2596; x_wconf 87' lang='lat' dir='ltr'><strong>vas</strong></span> <span class='ocrx_word' id='word_1_146' title='bbox 994 2532 1116 2598; x_wconf 85' lang='lat' dir='ltr'><strong>ferens</strong></span> <span class='ocrx_word' id='word_1_147' title='bbox 1161 2531 1252 2608; x_wconf 82' lang='lat' dir='ltr'><strong>(Cat.</strong></span> <span class='ocrx_word' id='word_1_148' title='bbox 1285 2533 1326 2596; x_wconf 83' lang='lat' dir='ltr'><strong>of</strong></span> <span class='ocrx_word' id='word_1_149' title='bbox 1357 2531 1417 2596; x_wconf 85' lang='lat' dir='ltr'><strong>Gr.</strong></span> <span class='ocrx_word' id='word_1_150' title='bbox 1452 2533 1562 2610; x_wconf 74' lang='lat' dir='ltr'><strong>coins</strong></span> 
     </span>
     <span class='ocr_line' id='line_1_20' title="bbox 351 2641 654 2724; baseline -0.007 -16"><span class='ocrx_word' id='word_1_151' title='bbox 351 2641 471 2724; x_wconf 85' lang='lat' dir='ltr'><strong>Polop.</strong></span> <span class='ocrx_word' id='word_1_152' title='bbox 497 2641 567 2722; x_wconf 82' lang='grc'>155,</span> <span class='ocrx_word' id='word_1_153' title='bbox 592 2641 654 2720; x_wconf 86' lang='grc'>15).</span> 
     </span>
    </p>

    <p class='ocr_par' dir='ltr' id='par_1_5' title="bbox 346 2748 1563 3900">
     <span class='ocr_line' id='line_1_21' title="bbox 453 2748 1562 2828; baseline -0.003 -14"><span class='ocrx_word' id='word_1_154' title='bbox 453 2750 693 2816; x_wconf 80' lang='lat' dir='ltr'><strong>Troezenae</strong></span> <span class='ocrx_word' id='word_1_155' title='bbox 715 2748 800 2814; x_wconf 82' lang='lat' dir='ltr'><strong>IsIm</strong></span> <span class='ocrx_word' id='word_1_156' title='bbox 816 2749 949 2814; x_wconf 85' lang='lat' dir='ltr'><strong>cultam</strong></span> <span class='ocrx_word' id='word_1_157' title='bbox 965 2768 1046 2814; x_wconf 90' lang='lat' dir='ltr'><strong>esse</strong></span> <span class='ocrx_word' id='word_1_158' title='bbox 1062 2750 1259 2814; x_wconf 83' lang='lat' dir='ltr'><strong>Pausanias</strong></span> <span class='ocrx_word' id='word_1_159' title='bbox 1274 2750 1318 2828; x_wconf 88' lang='grc' dir='ltr'><strong>Π,</strong></span> <span class='ocrx_word' id='word_1_160' title='bbox 1334 2748 1419 2824; x_wconf 81' lang='grc'><strong>32,6</strong></span> <span class='ocrx_word' id='word_1_161' title='bbox 1437 2749 1562 2828; x_wconf 76' lang='lat' dir='ltr'><strong>refert,</strong></span> 
     </span>
     <span class='ocr_line' id='line_1_22' title="bbox 350 2855 1563 2944; baseline -0.005 -20"><span class='ocrx_word' id='word_1_162' title='bbox 350 2857 416 2924; x_wconf 78' lang='lat' dir='ltr'><strong>sed</strong></span> <span class='ocrx_word' id='word_1_163' title='bbox 431 2857 510 2924; x_wconf 85' lang='lat' dir='ltr'><strong>loco</strong></span> <span class='ocrx_word' id='word_1_164' title='bbox 526 2863 709 2938; x_wconf 80' lang='lat' dir='ltr'><strong>corrupto:</strong></span> <span class='ocrx_word' id='word_1_165' title='bbox 733 2857 924 2942; x_wconf 64' lang='grc' dir='ltr'><strong>Ίζοιζηνίυν</strong></span> <span class='ocrx_word' id='word_1_166' title='bbox 936 2855 998 2944; x_wconf 74' lang='grc' dir='ltr'><strong>γὰρ</strong></span> <span class='ocrx_word' id='word_1_167' title='bbox 1011 2871 1079 2933; x_wconf 76' lang='grc' dir='ltr'><strong><em>τοῖς</em></strong></span> <span class='ocrx_word' id='word_1_168' title='bbox 1094 2855 1152 2933; x_wconf 71' lang='grc' dir='ltr'><strong>τὰς</strong></span> <span class='ocrx_word' id='word_1_169' title='bbox 1166 2855 1268 2942; x_wconf 70' lang='grc' dir='ltr'><em>ἆρχάς</em></span> <span class='ocrx_word' id='word_1_170' title='bbox 1287 2857 1419 2937; x_wconf 80' lang='grc' dir='ltr'><strong><em>ἔχουσιν</em></strong></span> <span class='ocrx_word' id='word_1_171' title='bbox 1441 2855 1563 2931; x_wconf 77' lang='grc' dir='ltr'><strong><em>ἔδειξεν</em></strong></span> 
     </span>
     <span class='ocr_line' id='line_1_23' title="bbox 352 2961 1562 3050; baseline 0 -20"><span class='ocrx_word' id='word_1_172' title='bbox 352 2967 387 3048; x_wconf 67' lang='lat' dir='ltr'><strong>ti.</strong></span> <span class='ocrx_word' id='word_1_173' title='bbox 409 2983 441 3032; x_wconf 82' lang='lat' dir='ltr'><strong>c.</strong></span> <span class='ocrx_word' id='word_1_174' title='bbox 462 2965 617 3039; x_wconf 75' lang='lat' dir='ltr'><strong>Faunus)</strong></span> <span class='ocrx_word' id='word_1_175' title='bbox 647 2962 802 3050; x_wconf 71' lang='grc' dir='ltr'><strong>ὀνείρατα</strong></span> <span class='ocrx_word' id='word_1_176' title='bbox 823 2965 845 3026; x_wconf 75' lang='grc' dir='ltr'><em>ἃ</em></span> <span class='ocrx_word' id='word_1_177' title='bbox 865 2969 954 3048; x_wconf 64' lang='grc' dir='ltr'><strong><em>εἶχον</em></strong></span> <span class='ocrx_word' id='word_1_178' title='bbox 974 2965 1085 3030; x_wconf 70' lang='grc' dir='ltr'><strong><em>ἄκεσιν</em></strong></span> <span class='ocrx_word' id='word_1_179' title='bbox 1108 2963 1224 3048; x_wconf 80' lang='grc' dir='ltr'><strong><em>λοιμοῦ</em></strong></span> <span class='ocrx_word' id='word_1_180' title='bbox 1245 2971 1423 3040; x_wconf 79' lang='grc' dir='ltr'><strong><em>πιέσανιος</em></strong></span> <span class='ocrx_word' id='word_1_181' title='bbox 1449 2961 1562 3046; x_wconf 64' lang='lat' dir='ltr'><strong>’Adur</strong></span> 
     </span>
     <span class='ocr_line' id='line_1_24' title="bbox 351 3071 1562 3159; baseline -0.007 -16"><span class='ocrx_word' id='word_1_182' title='bbox 351 3081 463 3152; x_wconf 57' lang='grc' dir='ltr'><strong>ναίοις</strong></span> <span class='ocrx_word' id='word_1_183' title='bbox 489 3075 525 3140; x_wconf 66' lang='grc' dir='ltr'><strong>δὲ</strong></span> <span class='ocrx_word' id='word_1_184' title='bbox 551 3071 709 3156; x_wconf 65' lang='grc' dir='ltr'><strong>μάλιστα,</strong></span> <span class='ocrx_word' id='word_1_185' title='bbox 740 3072 857 3155; x_wconf 73' lang='grc' dir='ltr'><strong><em>διαβὰς</em></strong></span> <span class='ocrx_word' id='word_1_186' title='bbox 881 3076 916 3139; x_wconf 71' lang='lat' dir='ltr'><strong>ul</strong></span> <span class='ocrx_word' id='word_1_187' title='bbox 937 3081 989 3138; x_wconf 72' lang='grc' dir='ltr'><strong>καὶ</strong></span> <span class='ocrx_word' id='word_1_188' title='bbox 1013 3079 1058 3151; x_wconf 69' lang='grc' dir='ltr'><strong>εἷς</strong></span> <span class='ocrx_word' id='word_1_189' title='bbox 1080 3073 1138 3158; x_wconf 62' lang='grc' dir='ltr'><strong>τὴν</strong></span> <span class='ocrx_word' id='word_1_190' title='bbox 1160 3075 1348 3159; x_wconf 61' lang='grc' dir='ltr'><strong><em>Ίοοιζηνίιιν</em></strong></span> <span class='ocrx_word' id='word_1_191' title='bbox 1370 3071 1457 3137; x_wconf 79' lang='grc' dir='ltr'><strong>ναόν</strong></span> <span class='ocrx_word' id='word_1_192' title='bbox 1479 3073 1562 3147; x_wconf 78' lang='grc' dir='ltr'><strong><em>ἴδοις</em></strong></span> 
     </span>
     <span class='ocr_line' id='line_1_25' title="bbox 346 3180 1561 3270; baseline -0.006 -19"><span class='ocrx_word' id='word_1_193' title='bbox 346 3183 470 3261; x_wconf 77' lang='grc' dir='ltr'><strong><em>Ἴσιδος</em></strong></span> <span class='ocrx_word' id='word_1_194' title='bbox 503 3187 556 3249; x_wconf 71' lang='grc' dir='ltr'><strong>καὶ</strong></span> <span class='ocrx_word' id='word_1_195' title='bbox 595 3181 676 3268; x_wconf 62' lang='lat' dir='ltr'><strong>lado</strong></span> <span class='ocrx_word' id='word_1_196' title='bbox 711 3180 817 3248; x_wconf 67' lang='lat' dir='ltr'><strong>alst»</strong></span> <span class='ocrx_word' id='word_1_197' title='bbox 852 3180 1053 3270; x_wconf 65' lang='lat' dir='ltr'><strong>&#39;Appodirqg</strong></span> <span class='ocrx_word' id='word_1_198' title='bbox 1086 3180 1234 3268; x_wconf 70' lang='grc' dir='ltr'><strong>ἁκραίαςζ</strong></span> <span class='ocrx_word' id='word_1_199' title='bbox 1280 3183 1349 3246; x_wconf 84' lang='lat' dir='ltr'><strong>hoc</strong></span> <span class='ocrx_word' id='word_1_200' title='bbox 1386 3181 1561 3262; x_wconf 88' lang='lat' dir='ltr'><strong>templum</strong></span> 
     </span>
     <span class='ocr_line' id='line_1_26' title="bbox 350 3290 1560 3358; baseline -0.006 0"><span class='ocrx_word' id='word_1_201' title='bbox 350 3291 695 3358; x_wconf 74' lang='lat' dir='ltr'><strong>Halicarnassenses</strong></span> <span class='ocrx_word' id='word_1_202' title='bbox 722 3291 927 3357; x_wconf 76' lang='lat' dir='ltr'><strong>dedicasse.</strong></span> <span class='ocrx_word' id='word_1_203' title='bbox 961 3290 1067 3354; x_wconf 87' lang='lat' dir='ltr'><strong>Isidis</strong></span> <span class='ocrx_word' id='word_1_204' title='bbox 1100 3302 1220 3354; x_wconf 78' lang='lat' dir='ltr'><strong>autem</strong></span> <span class='ocrx_word' id='word_1_205' title='bbox 1249 3303 1406 3353; x_wconf 83' lang='lat' dir='ltr'><strong>statuam</strong></span> <span class='ocrx_word' id='word_1_206' title='bbox 1434 3290 1560 3352; x_wconf 87' lang='lat' dir='ltr'><strong>urbem</strong></span> 
     </span>
     <span class='ocr_line' id='line_1_27' title="bbox 349 3399 1562 3480; baseline -0.005 -14"><span class='ocrx_word' id='word_1_207' title='bbox 349 3400 635 3466; x_wconf 69' lang='lat' dir='ltr'><strong>&#39;ltoczeniorum</strong></span> <span class='ocrx_word' id='word_1_208' title='bbox 680 3399 798 3464; x_wconf 87' lang='lat' dir='ltr'><strong>Locus</strong></span> <span class='ocrx_word' id='word_1_209' title='bbox 824 3399 904 3480; x_wconf 81' lang='lat' dir='ltr'><strong>lpse</strong></span> <span class='ocrx_word' id='word_1_210' title='bbox 936 3400 1093 3463; x_wconf 90' lang='lat' dir='ltr'><strong>noudum</strong></span> <span class='ocrx_word' id='word_1_211' title='bbox 1128 3408 1315 3462; x_wconf 85' lang='lat' dir='ltr'><strong>correctus</strong></span> <span class='ocrx_word' id='word_1_212' title='bbox 1348 3408 1420 3476; x_wconf 72' lang='lat' dir='ltr'><strong>est:</strong></span> <span class='ocrx_word' id='word_1_213' title='bbox 1453 3415 1562 3479; x_wconf 88' lang='lat' dir='ltr'><strong>quem</strong></span> 
     </span>
     <span class='ocr_line' id='line_1_28' title="bbox 349 3503 1562 3590; baseline -0.006 -16"><span class='ocrx_word' id='word_1_214' title='bbox 349 3507 429 3574; x_wconf 68' lang='lat' dir='ltr'><strong>lem</strong></span> <span class='ocrx_word' id='word_1_215' title='bbox 452 3525 597 3590; x_wconf 81' lang='lat' dir='ltr'><strong>semper</strong></span> <span class='ocrx_word' id='word_1_216' title='bbox 618 3507 687 3572; x_wconf 80' lang='lat' dir='ltr'><strong>riri</strong></span> <span class='ocrx_word' id='word_1_217' title='bbox 709 3508 807 3572; x_wconf 86' lang='lat' dir='ltr'><strong>docti</strong></span> <span class='ocrx_word' id='word_1_218' title='bbox 830 3508 881 3570; x_wconf 75' lang='lat' dir='ltr'><strong>ita</strong></span> <span class='ocrx_word' id='word_1_219' title='bbox 904 3507 1086 3589; x_wconf 74' lang='lat' dir='ltr'><strong>corrIgere</strong></span> <span class='ocrx_word' id='word_1_220' title='bbox 1110 3518 1296 3586; x_wconf 87' lang='lat' dir='ltr'><strong>conantur,</strong></span> <span class='ocrx_word' id='word_1_221' title='bbox 1322 3517 1362 3568; x_wconf 89' lang='lat' dir='ltr'><strong>ut</strong></span> <span class='ocrx_word' id='word_1_222' title='bbox 1386 3503 1506 3586; x_wconf 70' lang='grc' dir='ltr'><strong><em>διαβὰς</em></strong></span> <span class='ocrx_word' id='word_1_223' title='bbox 1526 3505 1562 3568; x_wconf 78' lang='grc' dir='ltr'><strong>δὲ</strong></span> 
     </span>
     <span class='ocr_line' id='line_1_29' title="bbox 347 3611 1562 3700; baseline -0.005 -16"><span class='ocrx_word' id='word_1_224' title='bbox 347 3621 402 3684; x_wconf 73' lang='grc' dir='ltr'><strong>οιαὶ</strong></span> <span class='ocrx_word' id='word_1_225' title='bbox 424 3619 471 3694; x_wconf 67' lang='grc' dir='ltr'><strong>σος</strong></span> <span class='ocrx_word' id='word_1_226' title='bbox 492 3613 550 3698; x_wconf 64' lang='lat' dir='ltr'><strong>riv</strong></span> <span class='ocrx_word' id='word_1_227' title='bbox 572 3615 674 3700; x_wconf 63' lang='grc' dir='ltr'><strong>ηαξ</strong></span> <span class='ocrx_word' id='word_1_228' title='bbox 707 3628 881 3696; x_wconf 77' lang='lat' dir='ltr'><strong>separent</strong></span> <span class='ocrx_word' id='word_1_229' title='bbox 909 3615 955 3678; x_wconf 81' lang='lat' dir='ltr'><strong>ab</strong></span> <span class='ocrx_word' id='word_1_230' title='bbox 984 3611 1071 3680; x_wconf 72' lang='grc' dir='ltr'><strong>ναόν</strong></span> <span class='ocrx_word' id='word_1_231' title='bbox 1101 3615 1195 3690; x_wconf 63' lang='lat' dir='ltr'><strong>idac:</strong></span> <span class='ocrx_word' id='word_1_232' title='bbox 1228 3615 1294 3678; x_wconf 86' lang='lat' dir='ltr'><strong>sed</strong></span> <span class='ocrx_word' id='word_1_233' title='bbox 1325 3615 1443 3677; x_wconf 81' lang='lat' dir='ltr'><strong>forma</strong></span> <span class='ocrx_word' id='word_1_234' title='bbox 1477 3611 1562 3678; x_wconf 79' lang='grc' dir='ltr'><strong>ναὸν</strong></span> 
     </span>
     <span class='ocr_line' id='line_1_30' title="bbox 347 3718 1563 3812; baseline -0.001 -24"><span class='ocrx_word' id='word_1_235' title='bbox 347 3726 432 3812; x_wconf 64' lang='grc' dir='ltr'><strong><em>ςδιις</em></strong></span> <span class='ocrx_word' id='word_1_236' title='bbox 454 3726 530 3806; x_wconf 65' lang='lat' dir='ltr'><strong>(rol</strong></span> <span class='ocrx_word' id='word_1_237' title='bbox 555 3721 599 3788; x_wconf 71' lang='grc' dir='ltr'><strong>ἂν</strong></span> <span class='ocrx_word' id='word_1_238' title='bbox 624 3727 717 3800; x_wconf 62' lang='lat' dir='ltr'><strong>rous</strong></span> <span class='ocrx_word' id='word_1_239' title='bbox 741 3725 820 3788; x_wconf 82' lang='lat' dir='ltr'><strong>sinc</strong></span> <span class='ocrx_word' id='word_1_240' title='bbox 842 3723 949 3788; x_wconf 88' lang='lat' dir='ltr'><strong>dubio</strong></span> <span class='ocrx_word' id='word_1_241' title='bbox 970 3723 1141 3804; x_wconf 79' lang='lat' dir='ltr'><strong>postulat,</strong></span> <span class='ocrx_word' id='word_1_242' title='bbox 1173 3734 1212 3784; x_wconf 83' lang='lat' dir='ltr'><strong>ut</strong></span> <span class='ocrx_word' id='word_1_243' title='bbox 1233 3734 1319 3786; x_wconf 82' lang='lat' dir='ltr'><strong>ante</strong></span> <span class='ocrx_word' id='word_1_244' title='bbox 1347 3718 1563 3804; x_wconf 65' lang='grc' dir='ltr'><strong>Ἀοῃώος</strong></span> 
     </span>
     <span class='ocr_line' id='line_1_31' title="bbox 347 3833 692 3900; baseline -0.017 1"><span class='ocrx_word' id='word_1_245' title='bbox 347 3833 481 3900; x_wconf 74' lang='lat' dir='ltr'><strong>lacuna</strong></span> <span class='ocrx_word' id='word_1_246' title='bbox 502 3845 692 3897; x_wconf 74' lang='lat' dir='ltr'><strong>statuatur.</strong></span> 
     </span>
    </p>

    <p class='ocr_par' dir='ltr' id='par_1_6' title="bbox 346 3937 1561 4237">
     <span class='ocr_line' id='line_1_32' title="bbox 448 3937 1560 4022; baseline -0.003 -17"><span class='ocrx_word' id='word_1_247' title='bbox 448 3941 490 4006; x_wconf 88' lang='lat' dir='ltr'><strong>Iu</strong></span> <span class='ocrx_word' id='word_1_248' title='bbox 538 3941 626 4004; x_wconf 83' lang='lat' dir='ltr'><strong>urbe</strong></span> <span class='ocrx_word' id='word_1_249' title='bbox 673 3941 875 4022; x_wconf 79' lang='lat' dir='ltr'><strong>propinqus</strong></span> <span class='ocrx_word' id='word_1_250' title='bbox 920 3938 1146 4003; x_wconf 78' lang='lat' dir='ltr'><strong>Methana</strong></span> <span class='ocrx_word' id='word_1_251' title='bbox 1197 3937 1422 4002; x_wconf 73' lang='lat' dir='ltr'><strong>documentis</strong></span> <span class='ocrx_word' id='word_1_252' title='bbox 1469 3938 1560 4020; x_wconf 88' lang='lat' dir='ltr'><strong>ipsis</strong></span> 
     </span>
     <span class='ocr_line' id='line_1_33' title="bbox 347 4045 1561 4118; baseline -0.005 -1"><span class='ocrx_word' id='word_1_253' title='bbox 347 4051 387 4118; x_wconf 90' lang='lat' dir='ltr'><strong>in</strong></span> <span class='ocrx_word' id='word_1_254' title='bbox 419 4047 620 4114; x_wconf 81' lang='lat' dir='ltr'><strong>secundum</strong></span> <span class='ocrx_word' id='word_1_255' title='bbox 652 4066 685 4112; x_wconf 80' lang='lat' dir='ltr'><strong>a.</strong></span> <span class='ocrx_word' id='word_1_256' title='bbox 707 4047 790 4112; x_wconf 68' lang='lat' dir='ltr'><strong>Chr.</strong></span> <span class='ocrx_word' id='word_1_257' title='bbox 812 4066 846 4110; x_wconf 88' lang='lat' dir='ltr'><strong>n.</strong></span> <span class='ocrx_word' id='word_1_258' title='bbox 879 4047 1064 4112; x_wconf 77' lang='lat' dir='ltr'><strong>saeculum</strong></span> <span class='ocrx_word' id='word_1_259' title='bbox 1086 4046 1262 4111; x_wconf 77' lang='lat' dir='ltr'><strong>ducimur:</strong></span> <span class='ocrx_word' id='word_1_260' title='bbox 1293 4045 1429 4110; x_wconf 87' lang='lat' dir='ltr'><strong>scimus</strong></span> <span class='ocrx_word' id='word_1_261' title='bbox 1463 4049 1561 4111; x_wconf 90' lang='lat' dir='ltr'><strong>enim</strong></span> 
     </span>
     <span class='ocr_line' id='line_1_34' title="bbox 346 4153 1561 4237; baseline -0.005 -12"><span class='ocrx_word' id='word_1_262' title='bbox 346 4157 556 4225; x_wconf 72' lang='lat' dir='ltr'><strong>Hethsnsm</strong></span> <span class='ocrx_word' id='word_1_263' title='bbox 599 4157 709 4221; x_wconf 76' lang='lat' dir='ltr'><strong>etiam</strong></span> <span class='ocrx_word' id='word_1_264' title='bbox 743 4155 933 4220; x_wconf 63' lang='lat' dir='ltr'><strong>Amineum</strong></span> <span class='ocrx_word' id='word_1_265' title='bbox 969 4155 1189 4236; x_wconf 72' lang='lat' dir='ltr'><strong>appensum</strong></span> <span class='ocrx_word' id='word_1_266' title='bbox 1232 4153 1345 4218; x_wconf 79' lang='lat' dir='ltr'><strong>luisse</strong></span> <span class='ocrx_word' id='word_1_267' title='bbox 1381 4167 1420 4218; x_wconf 85' lang='lat' dir='ltr'><strong>et</strong></span> <span class='ocrx_word' id='word_1_268' title='bbox 1454 4173 1561 4237; x_wconf 77' lang='lat' dir='ltr'><strong>prae</strong></span> 
     </span>
    </p>
   </div>
   <div class='ocr_carea' id='block_1_3' title="bbox 346 4318 1561 4461">
    <p class='ocr_par' dir='ltr' id='par_1_7' title="bbox 346 4318 1561 4461">
     <span class='ocr_line' id='line_1_35' title="bbox 446 4318 1561 4388; baseline -0.002 -12"><span class='ocrx_word' id='word_1_269' title='bbox 446 4321 477 4362; x_wconf 58' lang='grc' dir='ltr'><strong>*ο</strong></span> <span class='ocrx_word' id='word_1_270' title='bbox 506 4321 597 4376; x_wconf 80' lang='lat' dir='ltr'><strong>uu</strong></span> <span class='ocrx_word' id='word_1_271' title='bbox 621 4324 740 4378; x_wconf 62' lang='lat' dir='ltr'><strong>sum</strong></span> <span class='ocrx_word' id='word_1_272' title='bbox 781 4318 951 4388; x_wconf 64' lang='lat' dir='ltr'><strong>suppum:</strong></span> <span class='ocrx_word' id='word_1_273' title='bbox 976 4324 1096 4376; x_wconf 64' lang='lat' dir='ltr'><strong>aas</strong></span> <span class='ocrx_word' id='word_1_274' title='bbox 1127 4323 1245 4374; x_wconf 60' lang='lat' dir='ltr'><strong>seam</strong></span> <span class='ocrx_word' id='word_1_275' title='bbox 1270 4323 1388 4374; x_wconf 57' lang='lat' dir='ltr'><strong>susa</strong></span> <span class='ocrx_word' id='word_1_276' title='bbox 1423 4324 1486 4379; x_wconf 58' lang='lat' dir='ltr'><strong>sa</strong></span> <span class='ocrx_word' id='word_1_277' title='bbox 1504 4325 1561 4377; x_wconf 80' lang='lat' dir='ltr'><strong>ns</strong></span> 
     </span>
     <span class='ocr_line' id='line_1_36' title="bbox 346 4403 798 4461; baseline -0.002 0"><span class='ocrx_word' id='word_1_278' title='bbox 346 4405 429 4461; x_wconf 77' lang='lat' dir='ltr'><strong>qur.</strong></span> <span class='ocrx_word' id='word_1_279' title='bbox 447 4405 481 4458; x_wconf 73' lang='lat' dir='ltr'><strong>or*</strong></span> <span class='ocrx_word' id='word_1_280' title='bbox 496 4405 533 4458; x_wconf 81' lang='lat' dir='ltr'><strong>u.</strong></span> <span class='ocrx_word' id='word_1_281' title='bbox 551 4417 588 4458; x_wconf 77' lang='lat' dir='ltr'><strong>st.</strong></span> <span class='ocrx_word' id='word_1_282' title='bbox 605 4403 644 4457; x_wconf 72' lang='lat' dir='ltr'><strong>t&#39;1</strong></span> <span class='ocrx_word' id='word_1_283' title='bbox 661 4409 693 4459; x_wconf 69' lang='lat'><strong>91</strong></span> <span class='ocrx_word' id='word_1_284' title='bbox 712 4420 740 4457; x_wconf 78' lang='lat' dir='ltr'><strong>n.</strong></span> <span class='ocrx_word' id='word_1_285' title='bbox 757 4409 798 4460; x_wconf 57' lang='lat' dir='ltr'><strong>&amp;l</strong></span> 
     </span>
    </p>
   </div>
   <div class='ocr_carea' id='block_1_4' title="bbox 0 0 1672 5352">
    <p class='ocr_par' dir='ltr' id='par_1_8' title="bbox 0 0 1672 5352">
     <span class='ocr_line' id='line_1_37' title="bbox 0 0 1672 5352; baseline 0 0"><span class='ocrx_word' id='word_1_286' title='bbox 0 0 1672 5352; x_wconf 95' lang='lat' dir='ltr'><strong> </strong></span> 
     </span>
    </p>
   </div>
  </div>
 </body>
</html>
