3334 5358
826 495 1024 558 --10-

321 699 468 758 centum
489 693 629 776 ‘viginti
654 693 732 758 fere
766 694 1018 775 inscriptiones
1053 695 1141 759 duas
1176 696 1271 760 solas
1298 677 1448 762 Osiridis
1481 697 1530 760 in·

321 801 510 865 veniamus
543 800 663 882 (aliter
688 820 747 866 res
771 803 944 868 sehabet
967 804 1002 867 in
1026 804 1258 884 inscriptione
1282 805 1318 868 in
1340 805 1457 869 insula
1479 803 1529 869 Oc
1556 861 1558 865 ,

323 911 480 990 inventa,
504 907 782 992 in‘qua'oovodog
798 909 1034 995 Ὀσειριαστῶν
1048 917 1279 984 memoratur:
1303 910 1389 977 Ooll.
1405 912 1530 977 Recht-

320 1017 602 1096 cornemium,
636 1025 745 1101 atque
773 1009 884 1084 antea
910 1022 1058 1101 ostendi,
1092 1022 1235 1086 modum
1257 1021 1409 1086 Athenis·
1435 1021 1531 1085 vidc-

323 1143 411 1207 mus‚
433 1127 645 1208 praesertim
667 1146 749 1192 eum
765 1127 872 1192 etiam
888 1128 1092 1210 Nephthym
1113 1130 1348 1210 inveniamus
1372 1147 1531 1193 sororem

323 1232 484 1314 Osiridis,
507 1253 614 1316 quam
636 1253 707 1298 una
731 1255 812 1299 cum
834 1235 929 1300 Iside
951 1236 1100 1302 fratrem
1123 1241 1275 1302 tutatum
1297 1255 1377 1301 esse
1400 1237 1530 1319 ubique

323 1342 359 1404 in
381 1343 510 1406 litteris
525 1339 761 1425 Aegyptiacis
783 1346 945 1426 legimus.
974 1345 1100 1426 Itaque
1124 1350 1209 1426 puto
1231 1345 1380 1409 Athenis
1398 1346 1532 1410 cultum

325 1451 473 1516 deorum
496 1451 768 1534 Aegyptiorum¹
786 1445 914 1534 ipsum'
935 1454 995 1516 vel
1022 1453 1261 1534 appendicem
1285 1454 1360 1517 eius
1383 1454 1530 1535 propius

324 1559 371 1623 ad
394 1560 529 1624 cultum
561 1560 598 1623 in
620 1562 785 1642 Aegypto
819 1561 988 1624 usitatum
1022 1550 1224 1625 accessisse
1258 1571 1364 1642 atque
1397 1562 1468 1625 iam
1494 1561 1532 1624 id

323 1667 495 1731 effectum
518 1685 609 1749 esse,
643 1668 738 1749 quod
771 1669 863 1732 falso
887 1669 1030 1733 nomine
1052 1670 1226 1751 mysteria
1247 1669 1352 1732 Isidis
1375 1669 1533 1733 nomina-

325 1793 413 1853 muS,
436 1776 562 1840 melius
585 1777 687 1838 ludos
711 1774 755 1840 de
778 1781 891 1840 morte
915 1775 1065 1841 Osiridis
1089 1778 1531 1860 agentesappellabimus.

424 1883 647 1948 Praebentur
678 1883 748 1948 illis
783 1884 919 1949 duobus
954 1886 1008 1949 dis
1041 1887 1156 1969 gallus
1179 1887 1336 1950 triticum
1358 1886 1531 1950 hordeum

324 1993 491 2072 mulsum3
523 1993 566 2055 de
590 1993 859 2058 constructione
883 1993 1038 2075 Stengel,
1071 1995 1192 2058 Herm.
1215 1995 1351 2059 XXVII
1375 1995 1428 2058 161
1458 1993 1531 2058 dili·
1614 2028 1616 2032 ·

325 2101 468 2182 gentius
506 2102 588 2184 egit,
632 2109 826 2182 postquam
860 2102 1130 2183 demonstravit,
1168 2103 1344 2184 quomodo
1381 2103 1533 2167 verbum

322 2207 535 2296 καρποῦσθαι
567 2209 790 2288 adhibeatur,
827 2217 863 2274 ct
894 2211 1017 2274 Vertit:
1056 2212 1117 2274 der
1143 2211 1319 2294 Nephthys
1351 2213 1422 2274 und
1456 2212 1532 2274 dem

327 2320 435 2383 Osiris
456 2319 552 2383 661161
585 2319 750 2382 duciaco
772 2319 875 2383 Hahn
897 2339 984 2402 ponz
1006 2320 1220 2396 oerbrennea,
1245 2316 1371 2399 [dubet]
1405 2318 1532 2382 Weizcn

325 2429 396 2490 arrd
420 2426 537 2490 Gerste
571 2425 648 2509 [auf
667 2428 731 2490 den
754 2425 866 2507 Alter]
889 2428 1048 2491 streueod
1077 2425 1404 2508 ’[(11111111161111161611
1437 2447 1532 2509 epen-

324 2537 424 2600 deod.
469 2534 587 2615 (Quod
608 2535 747 2598 rectum
771 2524 855 2596 esse
874 2535 1037 2598 videmus
1061 2535 1169 2598 etiam
1192 2553 1237 2598 ex
1270 2535 1370 2598 titulo
1394 2534 1531 2597 insulae

326 2641 413 2706 Cos:
442 2643 556 2707 Paton
579 2643 650 2706 and
671 2641 784 2705 Hicks
808 2660 840 2723 p.
864 2643 898 2705 81
927 2661 959 2706 n.
975 2642 1016 2707 37
1038 2661 1072 2707 v,
1088 2641 1142 2706 33:
1175 2647 1226 2707 τοὶ
1252 2643 1287 2706 cl
1310 2639 1429 2725 [16661ςῖ
1451 2641 1533 2725 11166-

326 2749 436 2816 neira
472 2749 536 2834 τόμ
567 2753 627 2833 μέγ
658 2748 788 2835 χοήρον]
821 2754 874 2814 καὶ
906 2748 948 2814 τὰ
970 2749 1144 2832 σπλάγχνα
1172 2753 1227 2815 ἐπὶ
1250 2749 1307 2816 τοῦ
1329 2754 1439 2834 βωμοῦ
1461 2752 1530 2816 ἐπι-

324 2858 543 2941 1σπένδ]οντες
577 2859 790 2945 μελίκραιον.)
848 2859 901 2922 Ex
938 2860 1051 2923 saeris
1073 2861 1264 2944 μελίκρατον
1297 2863 1332 2922 61
1355 2860 1471 2940 gallus
1494 2859 1530 2922 in

327 2969 465 3032 inferiis
488 2968 796 3032 sacrificabantur.
841 2966 1040 3030 Verisimile
1065 2972 1119 3031 est
1141 2969 1206 3032 has
1229 2966 1376 3031 inferias
1401 2967 1534 3030 (116611-

208 3153 211 3160 ,
326 3097 395 3158 quo
430 3077 521 3139 festo
560 3076 663 3140 datas
702 3093 796 3155 esse;
842 3077 1011 3139 convenit
1047 3077 1087 3155 is,
1125 3067 1193 3156 quo
1232 3073 1344 3140 Osiris
1382 3079 1533 3138 necatus

328 3187 492 3259 defletum
527 3201 742 3266 quamquam
765 3202 835 3246 non
863 3183 1077 3250 declaratur.
1102 3201 1166 3247 cur
1188 3183 1369 3265 Nephthyi
1392 3200 1533 3264 quoque

326 3295 419 3358 haec
432 3311 539 3357 sacra
554 3293 651 3356 fiant.
684 3291 801 3373 Atque
818 3293 959 3355 omnino
983 3292 1089 3355 valde
1105 3291 1336 3355 memorabile
1350 3295 1416 3371 est,
1439 3291 1534 3372 quod

326 3404 396 3466 hoe
419 3403 533 3466 solum
556 3405 611 3465 est
633 3404 901 3464 monumentum
924 3417 992 3482 quo
1008 3405 1113 3462 extra
1128 3402 1330 3480 Aegyptum
1346 3396 1533 3479 Nephthys

328 3512 477 3578 colatur.
522 3507 634 3574 Osiris
667 3503 901 3572 (1666166661
935 3508 1132 3571 secundum
1154 3507 1383 3570 Plutarchum
1405 3504 1537 3585 (3560)

326 3619 461 3683 mensis
484 3618 600 3697 Athyr
633 3617 689 3680 die
723 3606 873 3697 septimo
891 3615 1059 3679 ssdechno,
1104 3613 1173 3693 Qui
1196 3615 1271 3677 dies
1304 3618 1422 3677 utrum
1447 3615 1535 3678 anni

327 3727 456 3809 prioris
479 3725 618 3789 mobilis
638 3743 688 3788 an
709 3725 801 3788 firmi
823 3724 1060 3788 Alexandrini
1081 3723 1199 3795 fuerit,
1234 3722 1432 3786 diiudicare
1462 3740 1537 3785 non

328 3852 531 3916 possumus3
554 3834 619 3897 sed
641 3833 673 3896 si
694 3832 893 3912 statuimus,
917 3833 1012 3914 quod
1033 3832 1119 3896 rnihi
1141 3831 1285 3912 quidem
1305 3830 1536 3894 verisimilius

327 3943 480 4020 videtur,
517 3941 747 4012 Plutarchum
770 3941 829 4003 vel
859 3940 992 4003 fontem
1026 3940 1101 4003 eius
1139 3939 1233 4002 diem
1270 3937 1354 4001 anni
1396 3937 1537 4001 mobilis

329 4053 473 4131 dixisse,
506 4051 603 4114 huno
627 4049 721 4112 diem
744 4066 825 4112 cum
858 4049 964 4111 tertio
988 4047 1126 4110 decimo
1149 4045 1416 4108 Boedromionis
1444 4062 1539 4108 com-

328 4175 459 4242 parare
482 4175 681 4240 possumus
709 4175 792 4219 oum
814 4155 1006 4219 verisimile
1030 4155 1076 4218 sit
1106 4154 1200 4217 diem
1221 4152 1361 4231 festum,
1395 4153 1537 4215 cum-in

329 4270 518 4335 Graeciam
540 4266 765 4330 introductus
790 4270 855 4344 est,
888 4265 1013 4326 eodem
1037 4263 1092 4325 die
1117 4267 1236 4325 actum
1259 4277 1337 4324 esse
1369 4278 1436 4341 quo
1461 4265 1539 4324 tum

325 4380 363 4442 in
388 4381 569 4460 Aegypto;
594 4393 645 4439 eo
679 4375 788 4456 igitur
821 4391 924 4452 anilo,
959 4390 1027 4452 quo
1056 4371 1104 4434 17.
1128 4369 1244 4449 Athyr
1277 4373 1312 4430 et
1338 4367 1384 4431 13.
1407 4367 1536 4432 Boedr.
