<?xml version="1.0" encoding="UTF-8"?>
<!DOCTYPE html PUBLIC "-//W3C//DTD XHTML 1.0 Transitional//EN"
    "http://www.w3.org/TR/xhtml1/DTD/xhtml1-transitional.dtd">
<html xmlns="http://www.w3.org/1999/xhtml" xml:lang="en" lang="en">
 <head>
  <title>
</title>
<meta http-equiv="Content-Type" content="text/html;charset=utf-8" />
  <meta name='ocr-system' content='tesseract 3.04.00' />
  <meta name='ocr-capabilities' content='ocr_page ocr_carea ocr_par ocr_line ocrx_word'/>
</head>
<body>
  <div class='ocr_page' id='page_1' title='image "./deserapideetisi00ruscgoog_0037.png"; bbox 0 0 3334 5358; ppageno 0'>
   <div class='ocr_carea' id='block_1_1' title="bbox 840 499 1045 562">
    <p class='ocr_par' dir='ltr' id='par_1_1' title="bbox 840 499 1045 562">
     <span class='ocr_line' id='line_1_1' title="bbox 840 499 1045 562; baseline 0 -20"><span class='ocrx_word' id='word_1_1' title='bbox 840 499 1045 562; x_wconf 84' lang='lat'>-30—·</span> 
     </span>
    </p>
   </div>
   <div class='ocr_carea' id='block_1_2' title="bbox 336 699 1551 890">
    <p class='ocr_par' dir='ltr' id='par_1_2' title="bbox 336 699 1551 890">
     <span class='ocr_line' id='line_1_2' title="bbox 336 699 1551 781; baseline 0.003 -20"><span class='ocrx_word' id='word_1_2' title='bbox 336 715 445 762; x_wconf 91' lang='lat' dir='ltr'>unum</span> <span class='ocrx_word' id='word_1_3' title='bbox 470 699 507 762; x_wconf 91' lang='lat' dir='ltr'>in</span> <span class='ocrx_word' id='word_1_4' title='bbox 533 717 666 762; x_wconf 90' lang='lat' dir='ltr'>annum</span> <span class='ocrx_word' id='word_1_5' title='bbox 691 699 904 780; x_wconf 89' lang='lat' dir='ltr'>magistratu</span> <span class='ocrx_word' id='word_1_6' title='bbox 932 699 1104 781; x_wconf 82' lang='lat' dir='ltr'>fungitur3</span> <span class='ocrx_word' id='word_1_7' title='bbox 1134 717 1217 762; x_wconf 88' lang='lat' dir='ltr'>nam</span> <span class='ocrx_word' id='word_1_8' title='bbox 1248 701 1401 764; x_wconf 87' lang='lat' dir='ltr'>eundem</span> <span class='ocrx_word' id='word_1_9' title='bbox 1428 719 1551 766; x_wconf 86' lang='lat' dir='ltr'>saeer-</span> 
     </span>
     <span class='ocr_line' id='line_1_3' title="bbox 339 807 1550 890; baseline 0.002 -19"><span class='ocrx_word' id='word_1_10' title='bbox 339 808 459 872; x_wconf 92' lang='lat' dir='ltr'>dotem</span> <span class='ocrx_word' id='word_1_11' title='bbox 496 809 531 872; x_wconf 93' lang='lat' dir='ltr'>in</span> <span class='ocrx_word' id='word_1_12' title='bbox 568 809 604 887; x_wconf 89' lang='lat' dir='ltr'>b)</span> <span class='ocrx_word' id='word_1_13' title='bbox 638 809 722 872; x_wconf 91' lang='lat' dir='ltr'>urbs</span> <span class='ocrx_word' id='word_1_14' title='bbox 760 808 971 890; x_wconf 89' lang='lat' dir='ltr'>magistratu</span> <span class='ocrx_word' id='word_1_15' title='bbox 1009 807 1171 872; x_wconf 84' lang='lat' dir='ltr'>iunctum</span> <span class='ocrx_word' id='word_1_16' title='bbox 1205 808 1367 874; x_wconf 90' lang='lat' dir='ltr'>honorat.</span> <span class='ocrx_word' id='word_1_17' title='bbox 1424 808 1550 877; x_wconf 86' lang='lat' dir='ltr'>Cultus</span> 
     </span>
    </p>
   </div>
   <div class='ocr_carea' id='block_1_3' title="bbox 338 916 1650 1010">
    <p class='ocr_par' dir='ltr' id='par_1_3' title="bbox 338 916 1650 1010">
     <span class='ocr_line' id='line_1_4' title="bbox 338 916 1650 1010; baseline 0.002 -30"><span class='ocrx_word' id='word_1_18' title='bbox 338 916 501 998; x_wconf 87' lang='lat' dir='ltr'>publicus</span> <span class='ocrx_word' id='word_1_19' title='bbox 536 921 591 981; x_wconf 84' lang='lat' dir='ltr'>est</span> <span class='ocrx_word' id='word_1_20' title='bbox 625 921 732 999; x_wconf 89' lang='lat' dir='ltr'>atque</span> <span class='ocrx_word' id='word_1_21' title='bbox 763 916 849 979; x_wconf 89' lang='lat' dir='ltr'>mihi</span> <span class='ocrx_word' id='word_1_22' title='bbox 886 916 1027 998; x_wconf 88' lang='lat' dir='ltr'>quidem</span> <span class='ocrx_word' id='word_1_23' title='bbox 1063 916 1207 980; x_wconf 86' lang='lat' dir='ltr'>videtur</span> <span class='ocrx_word' id='word_1_24' title='bbox 1240 918 1343 998; x_wconf 85' lang='lat' dir='ltr'>quasi</span> <span class='ocrx_word' id='word_1_25' title='bbox 1380 919 1549 1000; x_wconf 90' lang='lat' dir='ltr'>publicus</span> <span class='ocrx_word' id='word_1_26' title='bbox 1649 1007 1650 1010; x_wconf 8' lang='grc' dir='ltr'><strong>Ἴ</strong></span> 
     </span>
    </p>
   </div>
   <div class='ocr_carea' id='block_1_4' title="bbox 336 1024 1549 1871">
    <p class='ocr_par' dir='ltr' id='par_1_4' title="bbox 336 1024 1549 1871">
     <span class='ocr_line' id='line_1_5' title="bbox 338 1024 1549 1107; baseline 0.001 -19"><span class='ocrx_word' id='word_1_27' title='bbox 338 1025 445 1089; x_wconf 90' lang='lat' dir='ltr'>totius</span> <span class='ocrx_word' id='word_1_28' title='bbox 469 1025 655 1089; x_wconf 89' lang='lat' dir='ltr'>societatis</span> <span class='ocrx_word' id='word_1_29' title='bbox 679 1025 884 1107; x_wconf 82' lang='lat' dir='ltr'>Magnetum</span> <span class='ocrx_word' id='word_1_30' title='bbox 908 1043 999 1090; x_wconf 90' lang='lat' dir='ltr'>esse.</span> <span class='ocrx_word' id='word_1_31' title='bbox 1043 1024 1133 1090; x_wconf 88' lang='lat' dir='ltr'>Nam</span> <span class='ocrx_word' id='word_1_32' title='bbox 1156 1025 1192 1089; x_wconf 95' lang='lat' dir='ltr'>in</span> <span class='ocrx_word' id='word_1_33' title='bbox 1215 1027 1261 1107; x_wconf 82' lang='lat' dir='ltr'>c),</span> <span class='ocrx_word' id='word_1_34' title='bbox 1285 1026 1385 1090; x_wconf 90' lang='lat' dir='ltr'>cuius</span> <span class='ocrx_word' id='word_1_35' title='bbox 1408 1027 1549 1091; x_wconf 90' lang='lat' dir='ltr'>initium</span> 
     </span>
     <span class='ocr_line' id='line_1_6' title="bbox 338 1133 1547 1217; baseline 0.001 -19"><span class='ocrx_word' id='word_1_36' title='bbox 338 1133 449 1216; x_wconf 82' lang='lat' dir='ltr'>deest,</span> <span class='ocrx_word' id='word_1_37' title='bbox 483 1136 540 1198; x_wconf 88' lang='lat' dir='ltr'>vir</span> <span class='ocrx_word' id='word_1_38' title='bbox 566 1134 764 1199; x_wconf 79' lang='lat' dir='ltr'><strong>honoratur</strong></span> <span class='ocrx_word' id='word_1_39' title='bbox 786 1135 830 1198; x_wconf 86' lang='lat' dir='ltr'>de</span> <span class='ocrx_word' id='word_1_40' title='bbox 853 1135 1028 1199; x_wconf 87' lang='lat' dir='ltr'>societate</span> <span class='ocrx_word' id='word_1_41' title='bbox 1051 1135 1257 1217; x_wconf 82' lang='lat' dir='ltr'>Magnetum</span> <span class='ocrx_word' id='word_1_42' title='bbox 1279 1135 1373 1199; x_wconf 87' lang='lat' dir='ltr'>bene</span> <span class='ocrx_word' id='word_1_43' title='bbox 1396 1135 1547 1200; x_wconf 90' lang='lat' dir='ltr'>meritus</span> 
     </span>
     <span class='ocr_line' id='line_1_7' title="bbox 337 1240 1547 1332; baseline 0.001 -26"><span class='ocrx_word' id='word_1_44' title='bbox 337 1243 490 1319; x_wconf 81' lang='lat' dir='ltr'>(iubetur</span> <span class='ocrx_word' id='word_1_45' title='bbox 512 1244 607 1308; x_wconf 86' lang='lat' dir='ltr'>enim</span> <span class='ocrx_word' id='word_1_46' title='bbox 629 1247 712 1308; x_wconf 74' lang='grc' dir='ltr'><strong><em>εἶναι</em></strong></span> <span class='ocrx_word' id='word_1_47' title='bbox 734 1244 768 1307; x_wconf 77' lang='grc' dir='ltr'>δὲ·</span> <span class='ocrx_word' id='word_1_48' title='bbox 790 1240 877 1332; x_wconf 77' lang='grc' dir='ltr'><strong><em>αὐτῷ</em></strong></span> <span class='ocrx_word' id='word_1_49' title='bbox 900 1247 952 1307; x_wconf 79' lang='grc' dir='ltr'>καὶ</span> <span class='ocrx_word' id='word_1_50' title='bbox 975 1244 1150 1330; x_wconf 81' lang='grc' dir='ltr'><strong><em>προεδρίαν</em></strong></span> <span class='ocrx_word' id='word_1_51' title='bbox 1171 1244 1209 1326; x_wconf 76' lang='grc' dir='ltr'>ἐμ</span> <span class='ocrx_word' id='word_1_52' title='bbox 1224 1240 1348 1319; x_wconf 85' lang='grc' dir='ltr'><strong><em>πάσαις</em></strong></span> <span class='ocrx_word' id='word_1_53' title='bbox 1369 1256 1438 1320; x_wconf 84' lang='grc' dir='ltr'><strong><em>ταῖς</em></strong></span> <span class='ocrx_word' id='word_1_54' title='bbox 1461 1243 1547 1308; x_wconf 79' lang='grc' dir='ltr'>κατὰ</span> 
     </span>
     <span class='ocr_line' id='line_1_8' title="bbox 339 1350 1547 1444; baseline 0 -26"><span class='ocrx_word' id='word_1_55' title='bbox 339 1358 537 1438; x_wconf 70' lang='grc' dir='ltr'><strong><em>Μαγνησίαν</em></strong></span> <span class='ocrx_word' id='word_1_56' title='bbox 566 1350 715 1434; x_wconf 79' lang='grc' dir='ltr'><strong><em>πόλεσιν,</em></strong></span> <span class='ocrx_word' id='word_1_57' title='bbox 749 1351 974 1440; x_wconf 72' lang='grc' dir='ltr'><strong><em>προνοηθῆναι</em></strong></span> <span class='ocrx_word' id='word_1_58' title='bbox 1003 1353 1039 1417; x_wconf 79' lang='grc' dir='ltr'>δὲ</span> <span class='ocrx_word' id='word_1_59' title='bbox 1068 1351 1159 1428; x_wconf 83' lang='grc' dir='ltr'><strong><em>ὅπως</em></strong></span> <span class='ocrx_word' id='word_1_60' title='bbox 1181 1353 1381 1444; x_wconf 68' lang='grc' dir='ltr'><strong><em>σοντείεσθῇ</em></strong></span> <span class='ocrx_word' id='word_1_61' title='bbox 1402 1350 1444 1416; x_wconf 81' lang='grc' dir='ltr'>τοί</span> <span class='ocrx_word' id='word_1_62' title='bbox 1468 1354 1547 1443; x_wconf 81' lang='grc' dir='ltr'><strong><em>ἐψη-</em></strong></span> 
     </span>
     <span class='ocr_line' id='line_1_9' title="bbox 336 1460 1546 1548; baseline 0.001 -23"><span class='ocrx_word' id='word_1_63' title='bbox 336 1465 478 1545; x_wconf 85' lang='grc' dir='ltr'><strong><em>φισμένα</em></strong></span> <span class='ocrx_word' id='word_1_64' title='bbox 506 1460 580 1538; x_wconf 76' lang='grc' dir='ltr'>τούς</span> <span class='ocrx_word' id='word_1_65' title='bbox 601 1460 729 1538; x_wconf 76' lang='grc' dir='ltr'><strong><em>κοινούς</em></strong></span> <span class='ocrx_word' id='word_1_66' title='bbox 756 1461 914 1548; x_wconf 73' lang='grc' dir='ltr'><strong><em>ἄρχοντας</em></strong></span> <span class='ocrx_word' id='word_1_67' title='bbox 944 1467 989 1542; x_wconf 88' lang='lat' dir='ltr'>et,</span> <span class='ocrx_word' id='word_1_68' title='bbox 1024 1479 1238 1544; x_wconf 89' lang='lat' dir='ltr'>quamquam</span> <span class='ocrx_word' id='word_1_69' title='bbox 1261 1463 1353 1526; x_wconf 86' lang='lat' dir='ltr'>stela</span> <span class='ocrx_word' id='word_1_70' title='bbox 1375 1463 1455 1545; x_wconf 90' lang='lat' dir='ltr'>ipsa</span> <span class='ocrx_word' id='word_1_71' title='bbox 1476 1463 1546 1526; x_wconf 84' lang='lat' dir='ltr'>De·</span> 
     </span>
     <span class='ocr_line' id='line_1_10' title="bbox 338 1569 1547 1655; baseline 0.001 -21"><span class='ocrx_word' id='word_1_72' title='bbox 338 1571 512 1635; x_wconf 87' lang='lat' dir='ltr'>metriade</span> <span class='ocrx_word' id='word_1_73' title='bbox 537 1573 745 1654; x_wconf 88' lang='lat' dir='ltr'>collocatur,</span> <span class='ocrx_word' id='word_1_74' title='bbox 777 1571 999 1654; x_wconf 86' lang='lat' dir='ltr'>exemplaria</span> <span class='ocrx_word' id='word_1_75' title='bbox 1031 1570 1211 1652; x_wconf 85' lang='lat' dir='ltr'>plebisciti</span> <span class='ocrx_word' id='word_1_76' title='bbox 1244 1569 1327 1655; x_wconf 88' lang='grc' dir='ltr'>πρὸς</span> <span class='ocrx_word' id='word_1_77' title='bbox 1349 1569 1406 1648; x_wconf 80' lang='grc' dir='ltr'>τὰς</span> <span class='ocrx_word' id='word_1_78' title='bbox 1431 1569 1547 1647; x_wconf 80' lang='grc' dir='ltr'><strong><em>πόλεις</em></strong></span> 
     </span>
     <span class='ocr_line' id='line_1_11' title="bbox 338 1679 1545 1766; baseline 0.003 -24"><span class='ocrx_word' id='word_1_79' title='bbox 338 1679 533 1745; x_wconf 90' lang='lat' dir='ltr'>mittuntur.</span> <span class='ocrx_word' id='word_1_80' title='bbox 568 1680 763 1746; x_wconf 87' lang='lat' dir='ltr'>Praeterea</span> <span class='ocrx_word' id='word_1_81' title='bbox 786 1681 854 1744; x_wconf 90' lang='lat' dir='ltr'>hoo</span> <span class='ocrx_word' id='word_1_82' title='bbox 877 1681 1025 1766; x_wconf 75' lang='grc' dir='ltr'><strong><em>ἐκκλησία</em></strong></span> <span class='ocrx_word' id='word_1_83' title='bbox 1046 1681 1066 1744; x_wconf 90' lang='lat' dir='ltr'>i.</span> <span class='ocrx_word' id='word_1_84' title='bbox 1084 1700 1113 1745; x_wconf 91' lang='lat' dir='ltr'>e.</span> <span class='ocrx_word' id='word_1_85' title='bbox 1135 1699 1323 1746; x_wconf 90' lang='lat' dir='ltr'>commune</span> <span class='ocrx_word' id='word_1_86' title='bbox 1339 1682 1545 1764; x_wconf 82' lang='lat' dir='ltr'>Magnetum</span> 
     </span>
     <span class='ocr_line' id='line_1_12' title="bbox 340 1789 1544 1871; baseline 0.001 -18"><span class='ocrx_word' id='word_1_87' title='bbox 340 1789 532 1854; x_wconf 87' lang='lat' dir='ltr'>concilium</span> <span class='ocrx_word' id='word_1_88' title='bbox 554 1791 675 1871; x_wconf 81' lang='lat' dir='ltr'>iubet).</span> <span class='ocrx_word' id='word_1_89' title='bbox 709 1789 810 1869; x_wconf 76' lang='lat' dir='ltr'>Quae</span> <span class='ocrx_word' id='word_1_90' title='bbox 835 1791 881 1854; x_wconf 92' lang='lat' dir='ltr'>ad</span> <span class='ocrx_word' id='word_1_91' title='bbox 904 1807 1007 1853; x_wconf 88' lang='lat' dir='ltr'>omne</span> <span class='ocrx_word' id='word_1_92' title='bbox 1023 1789 1226 1870; x_wconf 87' lang='lat' dir='ltr'>Magnetum</span> <span class='ocrx_word' id='word_1_93' title='bbox 1252 1789 1443 1854; x_wconf 83' lang='lat' dir='ltr'>concilium</span> <span class='ocrx_word' id='word_1_94' title='bbox 1467 1809 1544 1871; x_wconf 83' lang='lat' dir='ltr'>pcr-</span> 
     </span>
    </p>
   </div>
   <div class='ocr_carea' id='block_1_5' title="bbox 338 1897 1651 2090">
    <p class='ocr_par' dir='ltr' id='par_1_5' title="bbox 338 1897 1651 2090">
     <span class='ocr_line' id='line_1_13' title="bbox 338 1897 1651 1988; baseline 0 -26"><span class='ocrx_word' id='word_1_95' title='bbox 338 1899 456 1963; x_wconf 89' lang='lat' dir='ltr'>tinens</span> <span class='ocrx_word' id='word_1_96' title='bbox 479 1900 665 1982; x_wconf 81' lang='lat' dir='ltr'>inscriptio</span> <span class='ocrx_word' id='word_1_97' title='bbox 681 1901 716 1964; x_wconf 94' lang='lat' dir='ltr'>in</span> <span class='ocrx_word' id='word_1_98' title='bbox 734 1899 915 1982; x_wconf 87' lang='lat' dir='ltr'>Serapidis</span> <span class='ocrx_word' id='word_1_99' title='bbox 929 1898 1061 1980; x_wconf 88' lang='lat' dir='ltr'>templo</span> <span class='ocrx_word' id='word_1_100' title='bbox 1075 1899 1282 1964; x_wconf 88' lang='lat' dir='ltr'>collocatur.</span> <span class='ocrx_word' id='word_1_101' title='bbox 1307 1897 1544 1980; x_wconf 79' lang='lat' dir='ltr'>(Quamquam</span> <span class='ocrx_word' id='word_1_102' title='bbox 1650 1949 1651 1988; x_wconf 29' lang='grc' dir='ltr'><strong><em>η</em></strong></span> 
     </span>
     <span class='ocr_line' id='line_1_14' title="bbox 338 2007 1651 2090; baseline 0.002 -20"><span class='ocrx_word' id='word_1_103' title='bbox 338 2008 415 2072; x_wconf 88' lang='lat' dir='ltr'>fieri</span> <span class='ocrx_word' id='word_1_104' title='bbox 427 2011 556 2090; x_wconf 88' lang='lat' dir='ltr'>potest,</span> <span class='ocrx_word' id='word_1_105' title='bbox 568 2015 607 2072; x_wconf 93' lang='lat' dir='ltr'>ut</span> <span class='ocrx_word' id='word_1_106' title='bbox 620 2010 675 2072; x_wconf 92' lang='lat' dir='ltr'>vir</span> <span class='ocrx_word' id='word_1_107' title='bbox 685 2007 1069 2090; x_wconf 87' lang='lat' dir='ltr'>honoratusSerapidis</span> <span class='ocrx_word' id='word_1_108' title='bbox 1082 2009 1253 2072; x_wconf 86' lang='lat' dir='ltr'>sacerdos</span> <span class='ocrx_word' id='word_1_109' title='bbox 1266 2009 1395 2087; x_wconf 85' lang='lat' dir='ltr'>fuerit.)</span> <span class='ocrx_word' id='word_1_110' title='bbox 1409 2007 1543 2072; x_wconf 90' lang='lat' dir='ltr'>Contra</span> <span class='ocrx_word' id='word_1_111' title='bbox 1650 2041 1651 2052; x_wconf 35' lang='grc' dir='ltr'><strong><em>ι</em></strong></span> 
     </span>
    </p>
   </div>
   <div class='ocr_carea' id='block_1_6' title="bbox 326 2116 1542 4489">
    <p class='ocr_par' dir='ltr' id='par_1_6' title="bbox 334 2116 1542 2636">
     <span class='ocr_line' id='line_1_15' title="bbox 339 2116 1542 2201; baseline 0 -21"><span class='ocrx_word' id='word_1_112' title='bbox 339 2116 488 2201; x_wconf 90' lang='lat' dir='ltr'>Lolling,</span> <span class='ocrx_word' id='word_1_113' title='bbox 521 2117 609 2184; x_wconf 90' lang='lat' dir='ltr'>Mitt.</span> <span class='ocrx_word' id='word_1_114' title='bbox 633 2119 782 2184; x_wconf 82' lang='lat' dir='ltr'><strong>V11343</strong></span> <span class='ocrx_word' id='word_1_115' title='bbox 815 2118 902 2182; x_wconf 87' lang='lat' dir='ltr'>dicit</span> <span class='ocrx_word' id='word_1_116' title='bbox 923 2117 1046 2181; x_wconf 88' lang='lat' dir='ltr'>Iovem</span> <span class='ocrx_word' id='word_1_117' title='bbox 1068 2117 1247 2182; x_wconf 85' lang='lat' dir='ltr'>Acraeum</span> <span class='ocrx_word' id='word_1_118' title='bbox 1273 2117 1383 2182; x_wconf 85' lang='lat' dir='ltr'>fuisse</span> <span class='ocrx_word' id='word_1_119' title='bbox 1412 2135 1542 2182; x_wconf 88' lang='lat' dir='ltr'>numen</span> 
     </span>
     <span class='ocr_line' id='line_1_16' title="bbox 338 2226 1540 2310; baseline 0 -20"><span class='ocrx_word' id='word_1_120' title='bbox 338 2245 524 2291; x_wconf 88' lang='lat' dir='ltr'>commune</span> <span class='ocrx_word' id='word_1_121' title='bbox 547 2227 761 2310; x_wconf 87' lang='lat' dir='ltr'>Magnetum,</span> <span class='ocrx_word' id='word_1_122' title='bbox 795 2228 889 2310; x_wconf 93' lang='lat' dir='ltr'>quod</span> <span class='ocrx_word' id='word_1_123' title='bbox 912 2226 1083 2292; x_wconf 87' lang='lat' dir='ltr'>sacerdos</span> <span class='ocrx_word' id='word_1_124' title='bbox 1107 2227 1182 2291; x_wconf 91' lang='lat' dir='ltr'>eius</span> <span class='ocrx_word' id='word_1_125' title='bbox 1211 2227 1367 2304; x_wconf 87' lang='lat' dir='ltr'>affertur,</span> <span class='ocrx_word' id='word_1_126' title='bbox 1402 2227 1540 2290; x_wconf 91' lang='lat' dir='ltr'>etiamsi</span> 
     </span>
     <span class='ocr_line' id='line_1_17' title="bbox 336 2335 1539 2418; baseline 0 -18"><span class='ocrx_word' id='word_1_127' title='bbox 336 2353 394 2400; x_wconf 91' lang='lat' dir='ltr'>res</span> <span class='ocrx_word' id='word_1_128' title='bbox 418 2336 464 2400; x_wconf 91' lang='lat' dir='ltr'>ad</span> <span class='ocrx_word' id='word_1_129' title='bbox 478 2335 653 2418; x_wconf 88' lang='lat' dir='ltr'>Apollinis</span> <span class='ocrx_word' id='word_1_130' title='bbox 677 2341 713 2402; x_wconf 88' lang='lat' dir='ltr'>et</span> <span class='ocrx_word' id='word_1_131' title='bbox 729 2337 909 2418; x_wconf 87' lang='lat' dir='ltr'>Serapidis</span> <span class='ocrx_word' id='word_1_132' title='bbox 927 2336 1061 2401; x_wconf 88' lang='lat' dir='ltr'>cultum</span> <span class='ocrx_word' id='word_1_133' title='bbox 1082 2337 1305 2418; x_wconf 87' lang='lat' dir='ltr'>pertinentes</span> <span class='ocrx_word' id='word_1_134' title='bbox 1329 2340 1539 2401; x_wconf 80' lang='lat' dir='ltr'>tractantur.</span> 
     </span>
     <span class='ocr_line' id='line_1_18' title="bbox 337 2443 1539 2528; baseline 0.001 -21"><span class='ocrx_word' id='word_1_135' title='bbox 337 2443 461 2527; x_wconf 91' lang='lat' dir='ltr'>Neque</span> <span class='ocrx_word' id='word_1_136' title='bbox 505 2463 592 2510; x_wconf 90' lang='lat' dir='ltr'>vero</span> <span class='ocrx_word' id='word_1_137' title='bbox 637 2446 781 2528; x_wconf 90' lang='lat' dir='ltr'>repperi</span> <span class='ocrx_word' id='word_1_138' title='bbox 826 2445 934 2509; x_wconf 89' lang='lat' dir='ltr'>talem</span> <span class='ocrx_word' id='word_1_139' title='bbox 978 2445 1249 2528; x_wconf 84' lang='lat' dir='ltr'>inscriptionem</span> <span class='ocrx_word' id='word_1_140' title='bbox 1294 2446 1339 2510; x_wconf 90' lang='lat' dir='ltr'>ad</span> <span class='ocrx_word' id='word_1_141' title='bbox 1379 2446 1539 2527; x_wconf 85' lang='lat' dir='ltr'>Serapim</span> 
     </span>
     <span class='ocr_line' id='line_1_19' title="bbox 334 2555 1131 2636; baseline 0.004 -19"><span class='ocrx_word' id='word_1_142' title='bbox 334 2557 570 2634; x_wconf 86' lang='lat' dir='ltr'>spectantem,</span> <span class='ocrx_word' id='word_1_143' title='bbox 593 2555 630 2618; x_wconf 94' lang='lat' dir='ltr'>in</span> <span class='ocrx_word' id='word_1_144' title='bbox 653 2573 723 2636; x_wconf 89' lang='lat' dir='ltr'>qua</span> <span class='ocrx_word' id='word_1_145' title='bbox 745 2555 803 2620; x_wconf 91' lang='lat' dir='ltr'>hic</span> <span class='ocrx_word' id='word_1_146' title='bbox 827 2555 997 2621; x_wconf 90' lang='lat' dir='ltr'>sacerdos</span> <span class='ocrx_word' id='word_1_147' title='bbox 1023 2559 1131 2622; x_wconf 85' lang='lat' dir='ltr'>extet.</span> 
     </span>
    </p>

    <p class='ocr_par' dir='ltr' id='par_1_7' title="bbox 331 2661 1537 3073">
     <span class='ocr_line' id='line_1_20' title="bbox 434 2661 1536 2748; baseline 0.004 -22"><span class='ocrx_word' id='word_1_148' title='bbox 434 2661 568 2726; x_wconf 87' lang='lat' dir='ltr'>Colitur</span> <span class='ocrx_word' id='word_1_149' title='bbox 583 2661 814 2729; x_wconf 89' lang='lat' dir='ltr'>Demetriade</span> <span class='ocrx_word' id='word_1_150' title='bbox 834 2664 1048 2746; x_wconf 86' lang='lat' dir='ltr'>praesertim</span> <span class='ocrx_word' id='word_1_151' title='bbox 1065 2664 1220 2747; x_wconf 87' lang='lat' dir='ltr'>Serapis,</span> <span class='ocrx_word' id='word_1_152' title='bbox 1243 2684 1265 2729; x_wconf 89' lang='lat' dir='ltr'>a</span> <span class='ocrx_word' id='word_1_153' title='bbox 1281 2684 1349 2748; x_wconf 95' lang='lat' dir='ltr'>quo</span> <span class='ocrx_word' id='word_1_154' title='bbox 1366 2667 1536 2732; x_wconf 89' lang='lat' dir='ltr'>sacerdos</span> 
     </span>
     <span class='ocr_line' id='line_1_21' title="bbox 332 2772 1537 2856; baseline 0.002 -21"><span class='ocrx_word' id='word_1_155' title='bbox 332 2775 368 2835; x_wconf 90' lang='lat' dir='ltr'>et</span> <span class='ocrx_word' id='word_1_156' title='bbox 392 2772 563 2853; x_wconf 92' lang='lat' dir='ltr'>templum</span> <span class='ocrx_word' id='word_1_157' title='bbox 585 2774 730 2838; x_wconf 91' lang='lat' dir='ltr'>nomina</span> <span class='ocrx_word' id='word_1_158' title='bbox 752 2777 984 2856; x_wconf 83' lang='lat' dir='ltr'>acceperunt,</span> <span class='ocrx_word' id='word_1_159' title='bbox 1007 2793 1125 2856; x_wconf 88' lang='lat' dir='ltr'>neque</span> <span class='ocrx_word' id='word_1_160' title='bbox 1147 2793 1234 2840; x_wconf 84' lang='lat' dir='ltr'>vero</span> <span class='ocrx_word' id='word_1_161' title='bbox 1259 2776 1368 2839; x_wconf 91' lang='lat' dir='ltr'>solus:</span> <span class='ocrx_word' id='word_1_162' title='bbox 1395 2777 1429 2855; x_wconf 89' lang='lat' dir='ltr'>a)</span> <span class='ocrx_word' id='word_1_163' title='bbox 1452 2775 1486 2839; x_wconf 81' lang='grc' dir='ltr'>ἕν</span> <span class='ocrx_word' id='word_1_164' title='bbox 1504 2801 1537 2838; x_wconf 78' lang='grc' dir='ltr'>ιε</span> 
     </span>
     <span class='ocr_line' id='line_1_22' title="bbox 331 2877 1537 2970; baseline 0.004 -27"><span class='ocrx_word' id='word_1_165' title='bbox 331 2884 493 2963; x_wconf 77' lang='grc' dir='ltr'><strong><em>τοῖςπερὶ</em></strong></span> <span class='ocrx_word' id='word_1_166' title='bbox 515 2877 711 2958; x_wconf 62' lang='lat' dir='ltr'>coligarola</span> <span class='ocrx_word' id='word_1_167' title='bbox 733 2881 954 2970; x_wconf 82' lang='grc' dir='ltr'><strong><em>ἀνέστραπται</em></strong></span> <span class='ocrx_word' id='word_1_168' title='bbox 977 2881 1074 2961; x_wconf 77' lang='grc' dir='ltr'><strong><em>ἀξίως</em></strong></span> <span class='ocrx_word' id='word_1_169' title='bbox 1100 2889 1135 2947; x_wconf 81' lang='lat' dir='ltr'>et</span> <span class='ocrx_word' id='word_1_170' title='bbox 1157 2889 1201 2959; x_wconf 77' lang='grc' dir='ltr'>είς</span> <span class='ocrx_word' id='word_1_171' title='bbox 1223 2909 1257 2948; x_wconf 79' lang='grc' dir='ltr'>σε</span> <span class='ocrx_word' id='word_1_172' title='bbox 1278 2881 1336 2968; x_wconf 76' lang='grc' dir='ltr'>τὴν</span> <span class='ocrx_word' id='word_1_173' title='bbox 1357 2888 1424 2950; x_wconf 79' lang='grc' dir='ltr'>τῶν</span> <span class='ocrx_word' id='word_1_174' title='bbox 1447 2883 1537 2949; x_wconf 68' lang='grc' dir='ltr'><strong><em>θεοῖν</em></strong></span> 
     </span>
     <span class='ocr_line' id='line_1_23' title="bbox 333 2987 1465 3073; baseline 0 -21"><span class='ocrx_word' id='word_1_175' title='bbox 333 2987 438 3073; x_wconf 76' lang='grc' dir='ltr'><strong><em>τιμήν.</em></strong></span> <span class='ocrx_word' id='word_1_176' title='bbox 476 2990 542 3054; x_wconf 92' lang='lat' dir='ltr'>Isis</span> <span class='ocrx_word' id='word_1_177' title='bbox 566 2991 672 3072; x_wconf 92' lang='lat' dir='ltr'>igitur</span> <span class='ocrx_word' id='word_1_178' title='bbox 696 2995 731 3055; x_wconf 88' lang='lat' dir='ltr'>et</span> <span class='ocrx_word' id='word_1_179' title='bbox 753 2993 907 3056; x_wconf 82' lang='lat' dir='ltr'>l&#39;ortasse</span> <span class='ocrx_word' id='word_1_180' title='bbox 931 2993 1038 3058; x_wconf 89' lang='lat' dir='ltr'>etiam</span> <span class='ocrx_word' id='word_1_181' title='bbox 1062 2993 1196 3057; x_wconf 86' lang='lat' dir='ltr'>Anubis</span> <span class='ocrx_word' id='word_1_182' title='bbox 1220 2993 1268 3057; x_wconf 91' lang='lat' dir='ltr'>ibi</span> <span class='ocrx_word' id='word_1_183' title='bbox 1292 2995 1465 3058; x_wconf 90' lang='lat' dir='ltr'>coluntur.</span> 
     </span>
    </p>

    <p class='ocr_par' dir='ltr' id='par_1_8' title="bbox 326 3099 1536 4489">
     <span class='ocr_line' id='line_1_24' title="bbox 430 3099 1536 3182; baseline 0.003 -19"><span class='ocrx_word' id='word_1_184' title='bbox 430 3099 510 3164; x_wconf 86' lang='lat' dir='ltr'>Hoc</span> <span class='ocrx_word' id='word_1_185' title='bbox 539 3100 574 3162; x_wconf 90' lang='lat' dir='ltr'>in</span> <span class='ocrx_word' id='word_1_186' title='bbox 606 3101 703 3164; x_wconf 86' lang='lat' dir='ltr'>cultu</span> <span class='ocrx_word' id='word_1_187' title='bbox 737 3102 893 3166; x_wconf 86' lang='lat' dir='ltr'>societas</span> <span class='ocrx_word' id='word_1_188' title='bbox 923 3105 992 3168; x_wconf 75' lang='grc' dir='ltr'>τῶν</span> <span class='ocrx_word' id='word_1_189' title='bbox 1021 3100 1215 3168; x_wconf 75' lang='grc' dir='ltr'><strong><em>ὑποσιόλων</em></strong></span> <span class='ocrx_word' id='word_1_190' title='bbox 1248 3103 1386 3166; x_wconf 91' lang='lat' dir='ltr'>titulum</span> <span class='ocrx_word' id='word_1_191' title='bbox 1421 3105 1454 3182; x_wconf 88' lang='lat' dir='ltr'>a)</span> <span class='ocrx_word' id='word_1_192' title='bbox 1481 3103 1536 3166; x_wconf 86' lang='lat' dir='ltr'>de·</span> 
     </span>
     <span class='ocr_line' id='line_1_25' title="bbox 331 3208 1534 3293; baseline 0.003 -22"><span class='ocrx_word' id='word_1_193' title='bbox 331 3208 443 3289; x_wconf 87' lang='lat' dir='ltr'>dicat,</span> <span class='ocrx_word' id='word_1_194' title='bbox 486 3225 577 3290; x_wconf 89' lang='lat' dir='ltr'>quae</span> <span class='ocrx_word' id='word_1_195' title='bbox 616 3210 727 3273; x_wconf 88' lang='lat' dir='ltr'>semel</span> <span class='ocrx_word' id='word_1_196' title='bbox 766 3211 956 3292; x_wconf 90' lang='lat' dir='ltr'>quotannis</span> <span class='ocrx_word' id='word_1_197' title='bbox 993 3212 1029 3276; x_wconf 91' lang='lat' dir='ltr'>in</span> <span class='ocrx_word' id='word_1_198' title='bbox 1066 3210 1236 3293; x_wconf 89' lang='lat' dir='ltr'>Serapieo</span> <span class='ocrx_word' id='word_1_199' title='bbox 1275 3212 1368 3276; x_wconf 91' lang='lat' dir='ltr'>diem</span> <span class='ocrx_word' id='word_1_200' title='bbox 1406 3212 1534 3275; x_wconf 86' lang='lat' dir='ltr'>festum</span> 
     </span>
     <span class='ocr_line' id='line_1_26' title="bbox 330 3316 1535 3401; baseline 0.004 -22"><span class='ocrx_word' id='word_1_201' title='bbox 330 3317 506 3382; x_wconf 88' lang='lat' dir='ltr'>celebrat:</span> <span class='ocrx_word' id='word_1_202' title='bbox 532 3316 628 3382; x_wconf 84' lang='lat' dir='ltr'>Crito</span> <span class='ocrx_word' id='word_1_203' title='bbox 652 3319 857 3400; x_wconf 87' lang='lat' dir='ltr'>honoratur,</span> <span class='ocrx_word' id='word_1_204' title='bbox 882 3321 975 3401; x_wconf 90' lang='lat' dir='ltr'>quod</span> <span class='ocrx_word' id='word_1_205' title='bbox 999 3320 1071 3384; x_wconf 93' lang='lat' dir='ltr'>suis</span> <span class='ocrx_word' id='word_1_206' title='bbox 1095 3339 1141 3385; x_wconf 87' lang='lat' dir='ltr'>ex</span> <span class='ocrx_word' id='word_1_207' title='bbox 1163 3321 1269 3385; x_wconf 90' lang='lat' dir='ltr'>rebus</span> <span class='ocrx_word' id='word_1_208' title='bbox 1293 3319 1389 3384; x_wconf 89' lang='lat' dir='ltr'>mille</span> <span class='ocrx_word' id='word_1_209' title='bbox 1413 3321 1535 3384; x_wconf 88' lang='lat' dir='ltr'>drach·</span> 
     </span>
     <span class='ocr_line' id='line_1_27' title="bbox 329 3427 1534 3511; baseline 0.002 -21"><span class='ocrx_word' id='word_1_210' title='bbox 329 3443 406 3490; x_wconf 88' lang='lat' dir='ltr'>mas</span> <span class='ocrx_word' id='word_1_211' title='bbox 430 3427 586 3509; x_wconf 86' lang='lat' dir='ltr'>donavit,</span> <span class='ocrx_word' id='word_1_212' title='bbox 620 3431 659 3491; x_wconf 90' lang='lat' dir='ltr'>ut</span> <span class='ocrx_word' id='word_1_213' title='bbox 689 3429 777 3492; x_wconf 87' lang='lat' dir='ltr'>socii</span> <span class='ocrx_word' id='word_1_214' title='bbox 808 3430 943 3493; x_wconf 87' lang='lat' dir='ltr'>cultum</span> <span class='ocrx_word' id='word_1_215' title='bbox 967 3430 1114 3494; x_wconf 91' lang='lat' dir='ltr'>deorum</span> <span class='ocrx_word' id='word_1_216' title='bbox 1139 3436 1313 3510; x_wconf 86' lang='lat' dir='ltr'>augerent</span> <span class='ocrx_word' id='word_1_217' title='bbox 1340 3435 1376 3493; x_wconf 85' lang='lat' dir='ltr'>et</span> <span class='ocrx_word' id='word_1_218' title='bbox 1399 3447 1534 3511; x_wconf 84' lang='lat' dir='ltr'>cenam,</span> 
     </span>
     <span class='ocr_line' id='line_1_28' title="bbox 330 3536 1534 3618; baseline 0.002 -19"><span class='ocrx_word' id='word_1_219' title='bbox 330 3539 369 3599; x_wconf 87' lang='lat' dir='ltr'>ut</span> <span class='ocrx_word' id='word_1_220' title='bbox 401 3536 552 3616; x_wconf 91' lang='lat' dir='ltr'>videtur,</span> <span class='ocrx_word' id='word_1_221' title='bbox 584 3537 643 3601; x_wconf 91' lang='lat' dir='ltr'>illo</span> <span class='ocrx_word' id='word_1_222' title='bbox 678 3537 735 3601; x_wconf 88' lang='lat' dir='ltr'>die</span> <span class='ocrx_word' id='word_1_223' title='bbox 769 3544 948 3618; x_wconf 89' lang='lat' dir='ltr'>pararent.</span> <span class='ocrx_word' id='word_1_224' title='bbox 1002 3538 1332 3603; x_wconf 84' lang='lat' dir='ltr'>Commemorantur</span> <span class='ocrx_word' id='word_1_225' title='bbox 1366 3540 1473 3604; x_wconf 87' lang='lat' dir='ltr'>etiam</span> <span class='ocrx_word' id='word_1_226' title='bbox 1505 3537 1534 3602; x_wconf 85' lang='grc' dir='ltr'>οί</span> 
     </span>
     <span class='ocr_line' id='line_1_29' title="bbox 330 3645 1532 3731; baseline 0.004 -26"><span class='ocrx_word' id='word_1_227' title='bbox 330 3647 543 3731; x_wconf 73' lang='grc' dir='ltr'><strong><em>θεραπευταί,</em></strong></span> <span class='ocrx_word' id='word_1_228' title='bbox 567 3645 627 3726; x_wconf 92' lang='lat' dir='ltr'>qui</span> <span class='ocrx_word' id='word_1_229' title='bbox 644 3653 679 3710; x_wconf 86' lang='lat' dir='ltr'>et</span> <span class='ocrx_word' id='word_1_230' title='bbox 695 3646 762 3726; x_wconf 88' lang='lat' dir='ltr'>ipsi</span> <span class='ocrx_word' id='word_1_231' title='bbox 779 3647 936 3710; x_wconf 88' lang='lat' dir='ltr'>societas</span> <span class='ocrx_word' id='word_1_232' title='bbox 952 3653 1135 3729; x_wconf 87' lang='lat' dir='ltr'>putantur:</span> <span class='ocrx_word' id='word_1_233' title='bbox 1159 3648 1327 3729; x_wconf 79' lang='lat' dir='ltr'>Friinkel,</span> <span class='ocrx_word' id='word_1_234' title='bbox 1350 3649 1381 3711; x_wconf 94' lang='lat' dir='ltr'>d.</span> <span class='ocrx_word' id='word_1_235' title='bbox 1398 3648 1532 3712; x_wconf 89' lang='lat' dir='ltr'>Inschr.</span> 
     </span>
     <span class='ocr_line' id='line_1_30' title="bbox 331 3751 1534 3842; baseline 0.002 -26"><span class='ocrx_word' id='word_1_236' title='bbox 331 3770 362 3818; x_wconf 82' lang='lat' dir='ltr'>v.</span> <span class='ocrx_word' id='word_1_237' title='bbox 386 3753 488 3836; x_wconf 85' lang='lat' dir='ltr'>Perg.</span> <span class='ocrx_word' id='word_1_238' title='bbox 512 3773 543 3818; x_wconf 92' lang='lat' dir='ltr'>n.</span> <span class='ocrx_word' id='word_1_239' title='bbox 567 3754 643 3818; x_wconf 74' lang='lat'>3:38:</span> <span class='ocrx_word' id='word_1_240' title='bbox 678 3755 738 3818; x_wconf 80' lang='lat' dir='ltr'>der</span> <span class='ocrx_word' id='word_1_241' title='bbox 760 3755 814 3819; x_wconf 79' lang='lat' dir='ltr'>die</span> <span class='ocrx_word' id='word_1_242' title='bbox 836 3751 1016 3820; x_wconf 65' lang='lat' dir='ltr'>indevotos</span> <span class='ocrx_word' id='word_1_243' title='bbox 1039 3779 1070 3820; x_wconf 86' lang='lat' dir='ltr'>u.</span> <span class='ocrx_word' id='word_1_244' title='bbox 1095 3758 1296 3842; x_wconf 68' lang='grc' dir='ltr'><strong><em>θεραπευταὶ</em></strong></span> <span class='ocrx_word' id='word_1_245' title='bbox 1319 3756 1534 3838; x_wconf 78' lang='lat' dir='ltr'>rtmsosseude</span> 
     </span>
     <span class='ocr_line' id='line_1_31' title="bbox 329 3852 1534 3948; baseline 0.003 -26"><span class='ocrx_word' id='word_1_246' title='bbox 329 3865 448 3937; x_wconf 68' lang='grc' dir='ltr'><strong><em>θίασος</em></strong></span> <span class='ocrx_word' id='word_1_247' title='bbox 479 3863 565 3927; x_wconf 83' lang='grc' dir='ltr'><strong><em>ιοίνιί</em></strong></span> <span class='ocrx_word' id='word_1_248' title='bbox 598 3885 746 3948; x_wconf 73' lang='lat' dir='ltr'>portarier</span> <span class='ocrx_word' id='word_1_249' title='bbox 780 3865 832 3929; x_wconf 83' lang='lat' dir='ltr'>als</span> <span class='ocrx_word' id='word_1_250' title='bbox 867 3866 937 3928; x_wconf 81' lang='grc' dir='ltr'><strong><em>οίνιο</em></strong></span> <span class='ocrx_word' id='word_1_251' title='bbox 960 3852 1246 3948; x_wconf 65' lang='grc' dir='ltr'><strong><em>Θοιιοοσοιιοοίιαίί</em></strong></span> <span class='ocrx_word' id='word_1_252' title='bbox 1275 3866 1460 3948; x_wconf 71' lang='lat' dir='ltr'>adipalem</span> <span class='ocrx_word' id='word_1_253' title='bbox 1487 3866 1534 3927; x_wconf 81' lang='lat' dir='ltr'>bu-</span> 
     </span>
     <span class='ocr_line' id='line_1_32' title="bbox 327 3971 1532 4058; baseline 0.002 -25"><span class='ocrx_word' id='word_1_254' title='bbox 327 3971 471 4035; x_wconf 78' lang='lat' dir='ltr'>zeiclmei</span> <span class='ocrx_word' id='word_1_255' title='bbox 498 3973 631 4036; x_wconf 79' lang='lat' dir='ltr'>werden</span> <span class='ocrx_word' id='word_1_256' title='bbox 658 3973 804 4054; x_wconf 82' lang='grc' dir='ltr'><strong><em>Ιοόιιποιι,</em></strong></span> <span class='ocrx_word' id='word_1_257' title='bbox 838 3975 940 4038; x_wconf 77' lang='lat' dir='ltr'>deren</span> <span class='ocrx_word' id='word_1_258' title='bbox 967 3974 1085 4038; x_wconf 69' lang='lat' dir='ltr'>holere</span> <span class='ocrx_word' id='word_1_259' title='bbox 1112 3974 1209 4056; x_wconf 79' lang='lat' dir='ltr'>Stufe</span> <span class='ocrx_word' id='word_1_260' title='bbox 1235 3975 1315 4058; x_wconf 80' lang='lat' dir='ltr'>joae</span> <span class='ocrx_word' id='word_1_261' title='bbox 1342 3973 1532 4051; x_wconf 77' lang='lat' dir='ltr'>darstollen,</span> 
     </span>
     <span class='ocr_line' id='line_1_33' title="bbox 328 4081 1531 4146; baseline 0.001 -3"><span class='ocrx_word' id='word_1_262' title='bbox 328 4081 374 4144; x_wconf 85' lang='lat' dir='ltr'>da</span> <span class='ocrx_word' id='word_1_263' title='bbox 397 4081 450 4143; x_wconf 80' lang='lat' dir='ltr'>die</span> <span class='ocrx_word' id='word_1_264' title='bbox 473 4083 623 4145; x_wconf 80' lang='lat' dir='ltr'>anderen</span> <span class='ocrx_word' id='word_1_265' title='bbox 645 4104 686 4146; x_wconf 79' lang='lat' dir='ltr'>zu</span> <span class='ocrx_word' id='word_1_266' title='bbox 707 4082 815 4146; x_wconf 78' lang='lat' dir='ltr'>Mrem</span> <span class='ocrx_word' id='word_1_267' title='bbox 830 4083 925 4146; x_wconf 74' lang='lat' dir='ltr'>Ferte</span> <span class='ocrx_word' id='word_1_268' title='bbox 948 4083 1065 4146; x_wconf 75' lang='lat' dir='ltr'>lleiaea</span> <span class='ocrx_word' id='word_1_269' title='bbox 1082 4082 1207 4146; x_wconf 80' lang='lat' dir='ltr'>Zulritt</span> <span class='ocrx_word' id='word_1_270' title='bbox 1228 4082 1342 4146; x_wconf 81' lang='lat' dir='ltr'>habea.</span> <span class='ocrx_word' id='word_1_271' title='bbox 1374 4081 1531 4145; x_wconf 86' lang='lat' dir='ltr'>Vidimus</span> 
     </span>
     <span class='ocr_line' id='line_1_34' title="bbox 326 4188 1531 4272; baseline 0 -21"><span class='ocrx_word' id='word_1_272' title='bbox 326 4188 534 4270; x_wconf 89' lang='lat' dir='ltr'>hypostolos</span> <span class='ocrx_word' id='word_1_273' title='bbox 557 4190 662 4272; x_wconf 91' lang='lat' dir='ltr'>longe</span> <span class='ocrx_word' id='word_1_274' title='bbox 685 4191 781 4254; x_wconf 91' lang='lat' dir='ltr'>aliud</span> <span class='ocrx_word' id='word_1_275' title='bbox 808 4191 1012 4272; x_wconf 89' lang='lat' dir='ltr'>significare</span> <span class='ocrx_word' id='word_1_276' title='bbox 1041 4209 1156 4272; x_wconf 90' lang='lat' dir='ltr'>neque</span> <span class='ocrx_word' id='word_1_277' title='bbox 1186 4190 1228 4253; x_wconf 87' lang='lat' dir='ltr'>de</span> <span class='ocrx_word' id='word_1_278' title='bbox 1252 4190 1433 4272; x_wconf 84' lang='lat' dir='ltr'>mysteriis</span> <span class='ocrx_word' id='word_1_279' title='bbox 1456 4208 1531 4255; x_wconf 92' lang='lat' dir='ltr'>rem</span> 
     </span>
     <span class='ocr_line' id='line_1_35' title="bbox 328 4299 1531 4386; baseline 0.002 -26"><span class='ocrx_word' id='word_1_280' title='bbox 328 4315 423 4378; x_wconf 89' lang='lat' dir='ltr'>esse;</span> <span class='ocrx_word' id='word_1_281' title='bbox 457 4316 573 4378; x_wconf 88' lang='lat' dir='ltr'>neque</span> <span class='ocrx_word' id='word_1_282' title='bbox 602 4304 805 4386; x_wconf 63' lang='grc' dir='ltr'><strong><em>θεραπευταί</em></strong></span> <span class='ocrx_word' id='word_1_283' title='bbox 833 4317 914 4363; x_wconf 91' lang='lat' dir='ltr'>cum</span> <span class='ocrx_word' id='word_1_284' title='bbox 940 4300 982 4363; x_wconf 90' lang='lat' dir='ltr'>iis</span> <span class='ocrx_word' id='word_1_285' title='bbox 1010 4299 1080 4362; x_wconf 95' lang='lat' dir='ltr'>ullo</span> <span class='ocrx_word' id='word_1_286' title='bbox 1104 4299 1417 4362; x_wconf 87' lang='lat' dir='ltr'>modoconiuncti</span> <span class='ocrx_word' id='word_1_287' title='bbox 1440 4303 1531 4362; x_wconf 91' lang='lat' dir='ltr'>sunt.</span> 
     </span>
     <span class='ocr_line' id='line_1_36' title="bbox 328 4404 1533 4489; baseline 0.002 -19"><span class='ocrx_word' id='word_1_288' title='bbox 328 4404 478 4470; x_wconf 88' lang='lat' dir='ltr'>Omnino</span> <span class='ocrx_word' id='word_1_289' title='bbox 502 4425 572 4471; x_wconf 92' lang='lat' dir='ltr'>non</span> <span class='ocrx_word' id='word_1_290' title='bbox 596 4427 683 4489; x_wconf 91' lang='lat' dir='ltr'>opus</span> <span class='ocrx_word' id='word_1_291' title='bbox 712 4413 768 4473; x_wconf 89' lang='lat' dir='ltr'>est</span> <span class='ocrx_word' id='word_1_292' title='bbox 795 4426 857 4472; x_wconf 89' lang='lat' dir='ltr'>eos</span> <span class='ocrx_word' id='word_1_293' title='bbox 880 4409 990 4473; x_wconf 86' lang='lat' dir='ltr'>fuisse</span> <span class='ocrx_word' id='word_1_294' title='bbox 1014 4409 1239 4472; x_wconf 88' lang='lat' dir='ltr'>societatem:</span> <span class='ocrx_word' id='word_1_295' title='bbox 1273 4409 1307 4485; x_wconf 80' lang='lat' dir='ltr'>a)</span> <span class='ocrx_word' id='word_1_296' title='bbox 1331 4427 1363 4471; x_wconf 80' lang='lat' dir='ltr'>v.</span> <span class='ocrx_word' id='word_1_297' title='bbox 1378 4407 1412 4472; x_wconf 82' lang='lat'>5:</span> <span class='ocrx_word' id='word_1_298' title='bbox 1435 4405 1533 4484; x_wconf 78' lang='grc' dir='ltr'><strong><em>ἀξίως</em></strong></span> 
     </span>
    </p>
   </div>
   <div class='ocr_carea' id='block_1_7' title="bbox 0 0 1672 5358">
    <p class='ocr_par' dir='ltr' id='par_1_9' title="bbox 0 0 1672 5358">
     <span class='ocr_line' id='line_1_37' title="bbox 0 0 1672 5358; baseline 0 3"><span class='ocrx_word' id='word_1_299' title='bbox 0 0 1672 5358; x_wconf 95' lang='lat' dir='ltr'> </span> 
     </span>
    </p>
   </div>
  </div>
 </body>
</html>
