3334 5358
720 500 1003 562 .-00-

299 697 467 784 attane)
502 699 605 762 brevi
639 697 809 780 postam
843 697 1024 762 dedicata¹
1040 698 1121 777 (XII
1142 699 1171 778 3,
1194 698 1279 777 4112).
1327 699 1383 762 Ad
1412 697 1511 762 idem

299 807 375 870 fere
408 810 549 887 tempus
583 811 733 870 revocat
766 807 956 871 thesaurus
988 806 1073 888 (XII
1094 809 1123 888 3,
1145 807 1232 887 443).
1274 807 1510 889 Temporibus

299 913 494 977 Ptolemaei
517 914 612 978 tertii
635 918 736 977 extat-
757 914 826 978 XII
840 915 869 991 3,
889 913 981 978 1388:
1008 913 1055 997 [τὸ
1073 914 1214 997 τ]έμενος
1237 912 1330 998 [τ]η’[ν
1344 939 1379 978 τε
1400 918 1510 980 οἰκίαν

299 1025 351 1084 καὶ
385 1018 446 1086 τόν
478 1018 653 1106 στρ]ωτῆρο
686 1020 751 1104 aab
784 1021 845 1088 τόν
878 1021 1000 1110 ὄροφον
1035 1048 1130 1088 κατα·
1162 1027 1236 1102 (aut
1268 1020 1511 1105 ἐπι)σκεο]άσας

301 1127 474 1212 [ἀνέθηκεν
509 1127 758 1216 Ἀρτεμίδωρος]
796 1129 1042 1213 Ἀπολλ[ων1οο
1076 1127 1160 1218 ὑπὲρ
1194 1131 1350 1212 βασιλέως
1386 1130 1509 1194 Πτολε-

297 1236 406 1319 μαῖον]
429 1241 482 1302 καὶ
498 1237 603 1320 debir
625 1236 774 1324 σωτήρων
788 1244 841 1304 καὶ
863 1237 936 1304 θεοῖ
939 1263 957 1304 ν
973 1238 1201 1326 Φιλαδέμφων
1214 1237 1390 1322 Σ[οράπιδι
1408 1237 1511 1304 Ἴσιδι

295 1343 489 1429 Ἀνούβιδι.)
534 1347 588 1410 Ex
615 1348 658 1410 iis
683 1365 774 1429 quae
798 1358 990 1430 supersunt
1012 1348 1145 1412 scimus
1167 1366 1226 1412 res
1251 1347 1436 1414 dedicatas
1460 1346 1510 1410 ad

300 1455 501 1519 aedificium
534 1456 571 1519 in
601 1456 744 1520 sinistro
773 1457 888 1523 latere
919 1476 1027 1540 super
1056 1457 1143 1521 sede
1173 1457 1401 1520 aedificatum
1430 1472 1511 1538 per-

299 1562 424 1642 tinere,
459 1563 533 1640 sed,
568 1580 649 1626 oum
673 1564 789 1626 cultus
811 1564 861 1628 ibi
882 1565 954 1628 iam
987 1569 1071 1629 ante
1093 1565 1355 1630 Artemidorum
1388 1563 1510 1640 fuerit,

298 1671 412 1734 verba
434 1668 472 1734 τό
495 1675 626 1754 τέμενος
647 1689 718 1734 non
742 1671 788 1734 ad
808 1672 929 1736 fanum
951 1673 1165 1737 instructum
1188 1673 1252 1736 sed
1266 1679 1511 1736 restauratum

300 1782 467 1860 spectare
484 1797 573 1860 opus
591 1787 654 1844 est.
689 1779 797 1843 Paulo
818 1781 1075 1862 posterioribus
1091 1782 1310 1863 temporibus
1325 1781 1511 1862 insculpta

300 1891 356 1950 est
377 1893 524 1968 praeter
546 1889 817 1969 inscriptionem
839 1889 918 1970 regi
932 1890 1137 1954 Ptolemaeo
1162 1890 1366 1953 dedicatam
1389 1887 1510 1968 (xiia

299 1993 419 2076 Suppl.
441 1995 533 2075 1387)
556 1997 664 2060 etiam
686 1995 755 2059 XII
778 1998 807 2078 3,
822 1997 898 2061 444:
923 1995 1109 2084 Ἴμεροφσῖν
1130 1995 1276 2084 Ἰμέρτοο
1298 1994 1380 2060 καθ’
1398 1985 1509 2061 vioda-

299 2109 375 2168 σίον
403 2104 438 2168 δὲ
464 2102 704 2189 ([μεροφοῖντος
731 2109 785 2168 καὶ
810 2101 1004 2190 ’auitam
1031 2112 1163 2182 Σαίνιος
1188 2103 1249 2170 τόν
1274 2102 1350 2170 οἱόν
1375 2103 1510 2190 Βότρυν

298 2211 429 2296 Σαράπι
453 2212 518 2278 Ἴσι
540 2217 593 2278 καὶ
615 2224 682 2288 τοῖς
704 2211 814 2292 ἄλλοις
835 2218 936 2290 θεοῖς.
972 2213 1209 2294 20948-20514
1239 2213 1386 2278 dedicat
1407 2214 1510 2294 Myn-

300 2322 378 2386 dius
403 2323 547 2404 quidam
569 2339 633 2403 pro
651 2321 766 2386 salute
782 2321 978 2386 Ptolemaei
1002 2328 1038 2386 et
1053 2323 1227 2386 Arsinoae
1243 2321 1406 2403 Serapidi
1421 2321 1510 2384 Isidi

299 2429 453 2494 Anubidi
477 2429 559 2509 (XII
581 2431 601 2494 3
623 2428 743 2511 Suppl.
769 2429 861 2508 1389)
885 2437 921 2492 et
944 2431 1102 2494 secundo
1127 2431 1272 2496 saeculo
1301 2427 1511 2514 Ἀντιφάνης

300 2544 335 2601 et
363 2534 577 2621 Ἀριστίππα
604 2555 668 2618 pro
693 2539 808 2601 salute
829 2539 981 2602 filiorum
1005 2538 1067 2602 Ἴσι
1095 2539 1176 2618 (XII
1199 2540 1227 2618 3,
1250 2540 1334 2618 445).
1380 2539 1511 2602 Restat

298 2647 486 2727 inscriptio
510 2647 584 2710 solo
608 2646 726 2709 incisa
748 2646 831 2724 (ΧΠ
852 2647 872 2710 3
902 2647 1021 2729 Suppl.
1049 2648 1140 2728 1373)
1165 2647 1363 2723 Ἴσιδος
1406 2647 1509 2710 Tem·

298 2755 444 2836 poribus
482 2753 650 2818 Romanis
695 2755 867 2834 praedico
913 2756 1034 2838 capita
1076 2757 1224 2820 duarum
1261 2757 1511 2820 columnarum

300 2863 425 2926 domus
442 2863 602 2935 alicuius,
618 2880 710 2942 quae
724 2881 745 2924 a
757 2862 876 2927 fronte
892 2863 1067 2944 imagines
1079 2864 1247 2928 Mercurii
1263 2868 1298 2927 et
1310 2864 1510 2944 Minervae,

299 2991 321 3036 a
342 2971 516 3036 lateribus
544 2971 612 3034 sibi
639 2971 802 3035 obversis
826 2969 989 3053 Serapim
1017 2978 1052 3036 et
1074 2972 1159 3035 Isim
1185 2977 1331 3053 portant
1360 2971 1509 3050 (nodum

299 3080 505 3144 vestimenti
527 3079 631 3142 Isidis
658 3083 829 3143 accurate
857 3080 1041 3159 agnosco).
1086 3079 1220 3143 Contra
1241 3079 1326 3142 Isim
1351 3078 1509 3142 fortasse
1560 3067 1562 3072 ’

298 3207 369 3252 non
401 3193 655 3268 repraesentat
686 3187 805 3252 Thera
830 3187 881 3250 lll
906 3189 965 3252 172
997 3187 1054 3269 fig.
1082 3185 1147 3250 too.
1196 3187 1366 3250 Ultimum
1400 3187 1509 3250 docu-

298 3300 456 3360 mentum
480 3301 534 3360 est
557 3297 626 3388 ΧΠ
647 3297 677 3378 3,
693 3297 765 3376 383,
789 3313 955 3378 agrorum
978 3295 1224 3360 commentarii
1239 3295 1394 3359 fortasse
1410 3295 1511 3360 tertii

297 3424 331 3486 p.
351 3404 437 3468 Chr.
460 3423 492 3468 n.
517 3404 664 3484 saeculi,
693 3405 730 3467 in
753 3404 880 3484 quibus
904 3422 991 3487 ager
1012 3401 1174 3490 Σεράιτιον
1197 3411 1509 3477 commemoratur,

297 3515 318 3575 1.
340 3531 369 3576 e.
394 3513 453 3594 qui
477 3510 658 3592 Serapidis
681 3512 814 3593 templo
838 3518 901 3576 est.

400 3629 455 3692 De
485 3629 582 3692 cultu
612 3628 700 3691 nihil
730 3629 821 3693 certi
851 3629 972 3692 dicere
1002 3647 1207 3711 possumus,
1241 3631 1306 3693 sed
1339 3630 1509 3712 fortasse,

194 3759 195 3762 ¹
299 3738 394 3820 quod
408 3737 523 3801 Hiller
539 3737 637 3818 dixit,
660 3738 697 3800 in
713 3737 880 3800 cisternis
897 3754 991 3818 aqua
1014 3753 1119 3801 sacra
1141 3738 1216 3818 11111,
1239 3756 1331 3819 quae
1353 3738 1510 3802 incultu

299 3846 547 3910 adhibebatur.
576 3844 749 3909 Coluntur
763 3844 900 3908 Therae
916 3841 1060 3926 Serapis
1075 3844 1142 3907 Isis
1158 3845 1302 3909 Anubis.
1330 3845 1394 3908 His
1412 3845 1509 3908 dedi-

301 3988 501 3996 .....——---‹·

398 4066 430 4131 42)
453 4067 586 4120 Dittenb.
606 4067 691 4122 OGI
709 4070 742 4121 34
760 4071 790 4120 et
812 4067 880 4120 add.
898 4083 925 4136 p.
944 4072 993 4122 648
1016 4067 1089 4119 dicit
1111 4081 1149 4120 ex
1172 4073 1232 4120 tam
1251 4069 1351 4120 multis
1371 4069 1507 4120 omnium

297 4153 433 4204 locorum
461 4151 703 4204 dedicationibus
732 4151 860 4203 eandem
887 4151 1115 4216 inscriptionem
1141 4150 1309 4204 ferentibus
1337 4153 1424 4218 sequi
1450 4151 1506 4204 has

300 4248 367 4287 esse
391 4233 539 4287 Arsinoae
567 4235 662 4300 ipsius
691 4233 907 4286 dedicationes.
942 4232 1013 4284 Mihi
1040 4237 1141 4285 autern
1167 4232 1288 4286 videtur
1315 4233 1351 4286 ab
1379 4235 1416 4286 iia
1443 4250 1507 4286 non

299 4317 520 4370 secernendum
543 4331 611 4370 esse
634 4313 782 4386 Ἀρσινόης
806 4315 869 4374 θεᾶς
893 4317 1073 4382 ψιλσσὲλφιι.
1108 4316 1210 4369 Teneo
1229 4317 1322 4382 igitur
1340 4316 1507 4383 significari

297 4401 397 4456 locum
416 4415 514 4452 novae
536 4399 611 4452 deae
631 4405 789 4452 sacratum.
