3334 5358
746 1507 781 1604 Ι.
834 1508 1096 1606 Athenae.

335 1849 336 1853 ’
421 1837 518 1902 Inter
556 1855 600 1901 ea
632 1838 848 1902 documenta
881 1855 973 1920 quae
1008 1838 1055 1901 ad
1090 1838 1175 1902 Isim
1207 1838 1357 1903 Athenis
1394 1838 1525 1903 cultam

322 1950 490 2026 spectant
522 1946 643 2010 titulus
665 1945 699 2008 Π
724 1945 813 2023 1681)
843 1946 957 2010 Piraei
990 1947 1158 2009 inventus
1191 1947 1374 2032 primum‘2)
1407 1937 1525 2011 locum
1623 1993 1626 2000 -

322 2055 469 2136 obtinet,
517 2073 599 2119 cum
643 2059 726 2118 ante
769 2055 1025 2132 Alexandriam
1068 2055 1250 2118 conditam
1293 2073 1387 2118 anno
1431 2055 1526 2135 333s2

321 2163 478 2245 scriptus
511 2164 565 2226 sit.
624 2164 844 2227 Permittitur
878 2162 1103 2238 Citiensibus,
1140 2167 1179 2226 ut
1215 2163 1339 2246 templi
1374 2163 1526 2227 Veneris

322 2286 409 2334 suae
433 2271 610 2335 condendi
644 2289 756 2336 causa
777 2271 925 2335 fundum
957 2275 1090 2335 emant:
1127 2269 1241 2336 δοῦναι
1273 2283 1340 2347 τοῖς
1371 2263 1527 2357 ἐμὴόροις

321 2367 388 2444 ruit)
410 2385 544 2445 Κιτιέων
558 2380 703 2464 ε”νκιησιν
725 2386 840 2462 χωρίου
862 2380 898 2443 ἐν
919 2377 944 2462 ᾧ
967 2377 1151 2462 {doricorum
1172 2378 1210 2444 τὸ
1236 2378 1324 2464 ἱερὸν
1345 2378 1400 2464 τῆς
1417 2377 1526 2468 Ἀφρο-

320 2487 408 2571 dispo
422 2487 576 2573 καθάπερ
596 2494 649 2553 καὶ
672 2487 702 2552 οἳ
717 2486 898 2569 Αἰγύπτιοι
919 2485 956 2552 τὸ
981 2485 1036 2570 rig
1052 2487 1174 2564 Ἴσιδος
1196 2485 1284 2573 ἱερὸν
1299 2489 1443 2573 ἵδρυνται
1458 2491 1478 2554 i.
1496 2509 1526 2554 e.

322 2597 448 2660 eodem
480 2597 584 2660 modo
610 2615 678 2679 quo
701 2596 871 2678 Aegyptii
892 2595 1040 2660 fundum
1062 2596 1167 2660 Isidis
1201 2597 1325 2679 templi
1348 2598 1525 2664 condendi

321 2723 434 2768 causa
456 2711 628 2769 emerunt.
672 2705 727 2768 De
750 2709 911 2786 tempore
934 2724 1003 2787 quo
1026 2705 1130 2768 Isidis
1155 2706 1325 2788 templum
1344 2686 1525 2775 conditum

320 2815 366 2877 sit
398 2814 468 2878 hac
502 2833 548 2878 ex
581 2815 813 2896 inscriptione
846 2814 934 2878 nihil
970 2813 1159 2895 colligitur,
1196 2832 1314 2896 neque
1346 2814 1526 2880 Koehlero

320 2922 452 2998 (Herm.
475 2923 505 2986 V
527 2922 602 3002 351)
626 2921 894 2986 assentiendum
927 2925 992 3000 est,
1025 2922 1085 3003 qui
1108 2922 1314 3004 Lycurgum
1347 2927 1525 2987 oratorem

320 3023 602 3111 celeberrimum,
620 3032 679 3113 qui
691 3032 786 3095 hanc
801 3015 919 3113 legem
930 3034 1083 3112 rogaret,
1099 3033 1267 3111 nepotem
1281 3031 1356 3094 cius
1368 3030 1525 3114 Lycurgi

322 3158 408 3204 esse·
424 3141 510 3219 vult,
544 3140 603 3222 qui
637 3158 659 3204 a
685 3139 833 3204 comicis
856 3140 958 3221 quasi
981 3139 1183 3220 Aegyptius
1206 3139 1374 3220 illuditur,
1407 3140 1523 3203 videri

319 3249 427 3330 igitur
460 3249 614 3312 studium
650 3249 833 3330 religionis
867 3247 1069 3329 Aegyptiae
1106 3247 1325 3311 Butadarum
1365 3248 1523 3312 familiae

419 3471 439 3538 1)
458 3472 549 3525 Tituli
566 3472 799 3540 Inscriptionum
818 3471 923 3526 Graec.
944 3472 966 3534 (I
977 3470 1013 3537 G)
1033 3471 1104 3524 solis
1122 3471 1255 3523 numeris
1275 3473 1411 3523 citantur.

419 3572 439 3636 2)
458 3573 565 3639 Neque
593 3574 673 3625 enim
701 3572 739 3625 ad
766 3574 879 3625 cultum
906 3586 954 3625 res
982 3574 1122 3638 spectant
1147 3572 1179 3622 in
1206 3571 1344 3638 sepulcro
1371 3572 1522 3638 inventae,

320 3656 400 3724 quod
418 3654 502 3710 Scias
520 3658 551 3708 in
568 3656 641 3723 Eph.
660 3656 739 3708 arch.
759 3659 831 3722 1898,
849 3659 881 3710 38
899 3654 969 3717 (tab.
987 3659 1012 3717 6)
1032 3655 1153 3706 nomine
1172 3669 1233 3705 non
1251 3655 1293 3706 ita
1310 3653 1420 3707 idoneo
1439 3655 1523 3721 τάφος

317 3741 361 3804 τῆς
373 3742 466 3797 Ἴσιδος
484 3739 553 3791 dato
573 3738 740 3806 descripsit,
759 3738 851 3805 (quod
866 3725 899 3790 ,in
917 3739 982 3790 loco
997 3737 1202 3804 sepulcrorum
1221 3741 1291 3789 anta
1304 3736 1445 3804 Dipylum
1465 3739 1521 3791 sito

319 3822 460 3876 effossum
480 3824 544 3885 est).
579 3822 613 3873 In
641 3837 677 3875 eo
705 3823 785 3874 enim
811 3826 933 3888 praeter
954 3835 1098 3887 magnum
1116 3835 1274 3872 numerum
1291 3835 1432 3873 vasorum
1452 3835 1522 3888 geo-

318 3907 509 3959 metricorum
528 3905 707 3958 scarabaeos
726 3905 895 3972 complures
914 3905 1047 3972 repperit
1071 3907 1102 3957 et
1124 3903 1224 3974 μικρὸν
1247 3900 1413 3973 ἀγαλμάτιον
1430 3905 1521 3961 Ἴσιδος

318 3992 344 4050 ἐξ
363 3990 543 4054 Αἰγυπτιακῆς
561 3989 730 4058 reonaldum,
758 4003 832 4055 quas
852 4003 899 4040 res
918 3987 956 4040 ad
973 3987 1044 4040 Isim
1072 3987 1113 4040 ibi
1141 3988 1250 4039 cultam
1278 3992 1416 4054 spectare
1441 3987 1519 4040 dicit.

318 4074 432 4126 Eodem
450 4071 539 4124 modo
558 4087 612 4124 vas
634 4072 675 4124 ibi
695 4073 852 4125 inventum
871 4071 990 4124 situlam
1005 4071 1226 4138 interpretatur,
1245 4085 1335 4137 quam
1347 4069 1520 4124 sacerdotes

318 4155 406 4208 Isidis
424 4160 544 4222 portare
558 4155 656 4208 solent
674 4156 712 4221 (p.
727 4158 781 4226 109,
799 4155 848 4221 fig.
860 4157 912 4217 29).
939 4153 999 4207 Sed
1017 4168 1072 4206 vas
1091 4153 1165 4206 illud
1183 4168 1201 4205 a
1213 4154 1303 4206 situla
1320 4153 1409 4220 plana
1422 4153 1522 4207 differt

318 4239 467 4304 (Poulsen,
486 4237 700 4306 Dipylongrab.
718 4241 774 4303 29);
793 4237 948 4290 scarabaei
966 4237 1080 4303 ubique
1097 4238 1306 4302 inveniuntur,
1324 4237 1421 4304 figura
1439 4236 1521 4290 deni-
1577 4265 1578 4270 κ

318 4338 377 4390 que
405 4338 476 4374 num
503 4323 542 4374 sit
568 4336 674 4374 revera
690 4320 778 4374 Isidis
806 4320 929 4372 dubium
954 4326 1007 4373 est.
1043 4319 1126 4381 Quae
1145 4335 1193 4373 ras
1212 4335 1229 4372 a
1247 4319 1463 4372 mercatoribus
1483 4335 1520 4372 eo

318 4406 425 4458 allatae
444 4409 525 4460 sunt:
543 4405 671 4457 fortasse
691 4411 791 4456 autem
810 4403 929 4457 advena
946 4403 1117 4471 Aegyptius
1135 4402 1176 4455 ibi
1195 4403 1331 4470 sepultus
1350 4408 1421 4456 erat.
