3334 5358
613 525 830 618 -79-1

115 726 215 789 culta
240 743 337 805 csse;
367 726 537 806 princeps
564 724 672 806 igilur
699 724 816 789 cultus
844 724 918 789 luit.
964 723 1099 789 Contra
1125 724 1324 807 scriptores

115 833 250 896 cultum
284 837 319 895 et
353 833 524 914 templum
550 833 653 897 Isidis
688 835 872 898 nominare
905 833 1036 913 solent,
1069 833 1152 915 quia
1177 833 1245 898 Isis
1277 833 1320 897 iis

115 941 230 1024 magis
254 941 354 1006 cordi
377 947 442 1006 est.
477 939 577 1020 Quae
592 943 660 1006 Isis
684 960 763 1022 cum
781 941 952 1024 Serapide
976 943 1170 1006 coniuncta
1193 942 1325 1006 colitur

115 1055 173 1112 est
204 1049 398 1132 Aegyptia,
436 1067 527 1132 quae
561 1051 706 1116 sistrum
732 1057 774 1115 *et
807 1069 873 1114 vas
906 1051 985 1115 fert.
1037 1051 1091 1115 Ab
1127 1069 1171 1115 ea
1204 1069 1321 1116 secer—

114 1158 235 1222 nenda
258 1163 314 1222 est
335 1159 401 1222 isis
426 1159 557 1223 Pharia
579 1165 640 1224 aut
662 1158 817 1242 Pelagia.
854 1157 1018 1241 Singulas
1041 1161 1160 1223 autem
1184 1159 1318 1223 formas
1414 1145 1418 1164 ¹

114 1266 218 1330 Isidis
248 1268 382 1349 passim
414 1267 614 1348 explicatas
648 1268 706 1332 hic
740 1269 874 1332 omitto,
924 1267 1170 1350 Compluribus
1200 1274 1320 1332 autem

114 1374 204 1438 locis
241 1375 308 1438 Isis
344 1374 580 1456 principalem
616 1376 734 1440 locum
771 1377 888 1442 cultus
926 1376 1128 1441 obtinebat:
1171 1375 1319 1439 Athenis

114 1485 151 1547 in
181 1485 295 1548 altero
327 1484 473 1564 templo,
504 1483 538 1546 in
568 1483 684 1548 insula
711 1483 813 1566 Syro,
842 1485 1022 1568 Pergami,
1050 1485 1204 1548 fortasse
1227 1484 1320 1548 Hali·

116 1611 289 1656 carnassi.

216 1728 366 1792 Praeter
388 1727 452 1790 hos
476 1726 561 1790 deos
585 1732 711 1791 extant
727 1727 838 1792 Osiris
854 1726 971 1790 Horus
988 1726 1084 1806 ApiS,
1109 1725 1324 1806 praesertim

116 1837 174 1900 ubi
209 1837 325 1901 cultus
356 1837 466 1900 artius
494 1836 708 1918 Aegyptium
743 1835 903 1917 sequitur
936 1839 972 1900 et
1004 1835 1063 1898 ubi
1097 1835 1172 1899 dies
1206 1834 1319 1899 festus

115 1963 266 2027 magnus
305 1945 518 2009 celebratur.
578 1943 663 2009 Cum
701 1944 881 2026 Nephthyi
923 1950 959 2008 et
996 1945 1168 2007 Ammonc
1209 1945 1320 2008 semel

118 2053 292 2134 (Athenis,
316 2053 421 2133 Deli),
448 2071 530 2116 cnm
551 2053 745 2117 Bubastide
770 2052 823 2116 bis
847 2053 1030 2116 coniuncti
1052 2057 1144 2116 sunt.
1181 2051 1325 2132 (Hyam-

117 2163 200 2244 poli,
224 2162 360 2243 Rhodi.)

215 2296 324 2360 Multo
341 2297 466 2375 rarius,
483 2315 589 2379 qnam
605 2298 802 2362 communis
819 2295 937 2378 opinio
951 2297 1032 2375 fert,
1046 2293 1161 2358 cultus
1174 2292 1322 2358 deorum

115 2405 374 2486 Aegyptiorum
390 2406 499 2468 cultui
516 2404 657 2470 Graeco
678 2405 819 2469 additus
836 2408 904 2469 est:
927 2403 978 2466 ita
999 2402 1154 2466 fortasse
1170 2401 1318 2466 Athenis

115 2514 268 2578 alterum
302 2515 472 2595 templum
501 2515 691 2596 Asclepieo
726 2513 885 2577 additum
920 2523 1007 2578 erat.
1059 2511 1167 2578 Certa
1200 2518 1322 2577 autem

115 2621 247 2685 scimus
278 2639 347 2684 non
379 2621 447 2685 nisi
471 2621 514 2685 de
538 2621 715 2704 Epidauro
750 2627 785 2685 et
814 2621 968 2703 Ephes0,
1002 2621 1061 2685 nbi
1082 2622 1319 2702 Aesculapius

116 2735 153 2793 et
180 2730 299 2794 Diana
332 2747 435 2794 omne
469 2730 655 2812 imperium
691 2731 861 2794 obtinent.
905 2729 1055 2812 Delphis
1090 2733 1127 2794 et
1152 2729 1319 2794 Eleusine

118 2839 233 2904 cultus
255 2856 325 2902 non
349 2839 536 2920 reperitur.
568 2839 650 2902 Deli
672 2839 717 2902 ad
742 2839 874 2902 cultum
897 2839 1133 2921 principalem
1148 2838 1325 2922 Apollinis

118 2947 223 3011 modo
247 2947 555 3011 administratione
580 2947 739 3011 thesauri
762 2947 925 3010 adiectus
948 2949 1013 3010 est.

216 3081 321 3144 quta
348 3081 482 3144 cultum
508 3081 689 3162 publicum
718 3085 843 3144 extant
869 3081 1083 3162 praesertim
1110 3078 1224 3144 Rhodi
1252 3081 1319 3160 pri-

116 3194 224 3254 vatae
247 3191 450 3269 societates
480 3206 571 3270 quae
595 3189 661 3252 sibi
683 3186 853 3271 Serapim.
881 3190 970 3267 Isim,
997 3189 1108 3253 semel
1132 3187 1261 3253 Osirim
1284 3195 1320 3250 et

117 3299 269 3362 Anubim
292 3298 491 3380 principem
516 3297 620 3362 deum
643 3297 838 3380 elegerunt.
881 3297 969 3363 Cum
991 3301 1109 3362 autem
1134 3296 1198 3362 Cei
1220 3296 1319 3360 Sera·

117 3408 256 3488 piastae
291 3407 383 3471 diem
418 3407 548 3472 festum
577 3403 693 3470 Ἰσιεϊα
724 3411 886 3489 agerent,
922 3407 1030 3470 ctiam
1060 3406 1146 3470 deos
1177 3410 1318 3470 ceteros

117 3515 294 3580 colebant.
340 3515 440 3594 (luae
469 3516 663 3580 societates
692 3532 816 3579 omnes
837 3519 983 3598 praeter
1006 3515 1232 3596 Serapiastas
1257 3511 1319 3578 Coi

118 3625 334 3706 temporibus
366 3642 396 3686 a.
420 3621 500 3688 Chr.
525 3643 557 3688 n.
584 3624 833 3701 attribuuntur,
864 3627 971 3706 atque
1002 3623 1111 3686 etiam
1134 3623 1226 3688 haec
1248 3641 1318 3686 non

117 3733 186 3796 illis
210 3732 428 3813 temporibus
452 3732 598 3796 condita
619 3731 763 3796 videtur
785 3732 850 3796 sed
873 3750 919 3796 ex
942 3732 1115 3796 societate
1134 3730 1320 3795 Osiriasta-

16 3877 17 3898 .
118 3858 204 3920 rum,
227 3858 319 3922 quae
344 3858 374 3904 a.
392 3829 472 3904 Chr.
494 3856 526 3904 n.
550 3840 598 3903 ibi
621 3844 708 3921 erat,
731 3844 826 3905 nata.
860 3840 1061 3904 Verisimile
1085 3845 1139 3903 est
1163 3857 1225 3904 eas
1248 3857 1320 3902 non

16 3967 17 3974 ¹
118 3966 269 4028 parvum
291 3952 507 4013 momentum
531 3949 577 4012 ad
600 3949 733 4013 cultum
757 3949 1026 4032 propagandum
1050 3949 1222 4014 attulisse.

217 4088 327 4169 Quasi
354 4109 413 4154 res
440 4078 661 4173 principalis
677 4091 791 4156 festus
816 4091 892 4155 dies
914 4091 1113 4173 Aegyptius
1138 4091 1247 4155 t'uisse
1269 4091 1320 4152 vi·

118 4199 234 4280 detur,
268 4199 341 4280 qui,
375 4199 405 4262 si
436 4199 482 4262 ad
511 4199 695 4263 arbitrium
725 4204 1045 4282 putamusomnes
1069 4199 1189 4263 titulos
1213 4217 1318 4262 canc-

117 4308 308 4388 phororum
345 4313 413 4372 etc.
455 4308 502 4371 ad
542 4326 622 4372 eum
649 4313 831 4390 spectare,
872 4325 938 4389 per
978 4312 1089 4371 totam
1126 4307 1316 4372 Graeciam

118 4417 301 4494 agebatur.
345 4415 474 4480 ,timnia
496 4415 554 4478 hic
578 4433 848 4496 componamus,
876 4433 968 4496 qnae
996 4415 1039 4478 de
1062 4415 1121 4477 illo
1145 4414 1201 4478 die
1224 4413 1325 4478 festo
