3334 5358
759 503 959 567 -70„

254 704 290 766 in
313 703 397 766 fano
426 703 522 785 regis
545 703 769 768 Ich-en-aton
793 709 878 768 ante
906 703 1077 784 templum
1100 699 1190 766 Solis
1217 703 1254 767 in
1275 704 1363 767 urbe
1386 703 1464 768 Tell

254 813 288 875 el
315 813 473 882 Amarna
500 813 568 876 sito
603 813 657 890 (El
684 813 843 877 Amarna
868 812 915 886 ΙΙ,
943 810 1061 875 XVIII
1089 811 1196 890 alibi).
1241 811 1312 876 Sed
1345 813 1464 876 cultus

254 921 363 984 etiam
389 921 503 1002 magis
531 921 577 984 ad
604 921 755 985 formam
782 921 1001 1002 Aegyptiam·
1027 921 1198 984 accessit:
1232 920 1464 985 inveniuntur

253 1029 348 1092 enim
370 1029 418 1093 ibi
441 1028 471 1093 οἱ·
486 1027 630 1110 antropos:
654 1031 699 1107 (v.
716 1028 770 1108 28)
794 1025 863 1094 ἀπο
888 1028 923 1092 δὲ
945 1017 1013 1092 teir
1028 1025 1195 1110 τραπεζῶν
1217 1025 1266 1090 οἶν
1288 1025 1331 1092 ὄιν
1352 1026 1466 1112 δῆμ[ος

251 1135 351 1228 κοσμῇ
373 1136 526 1202 δεδόσθω
548 1136 627 1220 τ]οῑ’ς
648 1142 871 1220 κατεχομένοις
891 1133 959 1202 ὑπο
984 1135 1040 1201 τοῦ
1064 1135 1145 1200 θεοῦ
1168 1137 1295 1215 ....5²)

354 1263 480 1328 Mirum
505 1269 611 1337 esset,
635 1265 665 1326 si
687 1263 781 1328 haec
808 1263 927 1326 omnia
954 1265 1018 1326 sub
1050 1264 1132 1326 diro
1156 1264 1324 1342 fuissene
1352 1264 1414 1328 sed
1441 1282 1463 1327 e

253 1372 337 1436 fano
370 1372 535 1453 proxima
563 1373 684 1452 ampla
717 1372 841 1436 domus
874 1372 1088 1436 introibatur
1117 1372 1221 1453 ostio,
1255 1373 1348 1453 quod
1378 1391 1460 1436 cum

252 1479 403 1561 propylo
426 1481 586 1563 porticus
603 1480 854 1562 coniungebat.
889 1481 977 1544 Puto
993 1481 1087 1544 hanc
1104 1481 1246 1550 domum
1262 1480 1308 1544 ad
1324 1482 1457 1546 cultum

252 1588 369 1668 ipsum
392 1589 617 1670 pertinuisse.

350 1713 695 1779 Halicarnassus:
719 1714 804 1777 Ditt.
826 1711 922 1778 OGI
947 1714 997 1777 lb:
1028 1710 1167 1802 Ἀγασῇ
1190 1712 1268 1802 rim
1291 1711 1349 1802 [τῇ]
1373 1719 1458 1777 Πιο-

249 1822 383 1904 λεμαίοο
412 1820 469 1888 τοῦ
498 1820 643 1909 Σωτῆρος
670 1826 723 1885 καὶ
753 1820 835 1887 θεοῦ
861 1820 992 1904 Σαράπι
1016 1822 1081 1886 Ἴσι
1110 1818 1272 1908 ’Λρσινόη
1300 1820 1337 1886 τό
1370 1820 1464 1906 ἳερόν

249 1929 401 2014 ἱδρύσατο
424 1930 626 2016 Χαιρήμονος
652 1932 921 2010 abducendum).
967 1931 1044 2010 Quo
1073 1931 1116 1995 de
1145 1931 1245 1995 ritulo
1270 1931 1329 1994 diu
1352 1930 1459 1994 ambi-

250 2042 411 2123 gebatur,
435 2042 492 2106 cui
515 2042 668 2123 tempori
691 2042 938 2106 attribuendus
962 2045 1073 2118 esset;
1096 2039 1181 2102 mihi
1205 2039 1347 2120 quidem
1370 2038 1457 2102 Ditt.

248 2156 349 2216 recte
380 2150 563 2214 iudicasse
597 2150 741 2214 videtur
772 2150 870 2213 illum
893 2149 1135 2213 Ptolemaeum
1169 2147 1287 2211 adhuc
1319 2148 1461 2220 vivere.

248 2277 328 2323 cum
353 2261 397 2325 de
423 2265 561 2325 mortuo
590 2257 703 2349 ἀγαθῇ
728 2256 806 2348 τύχῃ
833 2258 903 2322 dici
931 2275 1000 2320 non
1029 2257 1152 2338 possit.
1198 2254 1321 2320 Cultus
1348 2256 1456 2337 igitur

247 2369 317 2432 iam
347 2374 522 2452 regnante
549 2370 756 2434 Ptolemaeo
786 2368 900 2449 primo
923 2365 1170 2430 Halicarnassi
1199 2364 1364 2428 conditus
1394 2377 1450 2430 est

246 2478 291 2540 ab
307 2477 469 2552 Arsinoa
492 2478 647 2542 fortasse
663 2483 778 2541 matre
794 2475 988 2540 Ptolemaei
1003 2474 1128 2553 (Dite).
1160 2474 1201 2537 In
1225 2491 1294 2555 quo
1317 2475 1450 2555 templo

247 2589 321 2647 tum
345 2603 415 2650 non
438 2586 548 2649 multo
572 2589 654 2666 post
677 2585 846 2648 dedicata
870 2589 924 2647 est
947 2582 1131 2665 inscriptio
1156 2581 1322 2662 (Ancient
1344 2582 1452 2645 inser.
1542 2663 1545 2670 ι

247 2693 287 2755 of
299 2693 360 2757 the
376 2691 432 2757 ΒΥ.
446 2712 533 2757 mus
550 2693 597 2757 IV
614 2696 639 2775 1,
652 2693 727 2772 908)
750 2693 976 2768 Ποσείδιππος
997 2695 1049 2755 καὶ
1079 2688 1211 2756 Ἀλανοὶ
1237 2687 1319 2773 ὑπὲρ
1340 2687 1431 2756 αὑτῶ
1435 2716 1453 2754 ν

245 2803 298 2864 καὶ
320 2799 389 2865 τοῖν
411 2801 575 2884 παιδίω[ν]
599 2799 730 2886 Σαράπι
754 2801 828 2866 Ἴσι.
862 2801 1123 2865 Posterioribus
1146 2803 1265 2864 autem
1288 2802 1455 2881 tempori·

245 2910 311 2973 bus
335 2915 461 2974 extant
483 2929 551 2974 non
577 2911 645 2974 nisi
668 2911 885 2976 documenta
907 2911 1010 2974 Isidis
1040 2910 1173 2973 cultum
1200 2910 1386 2989 testantia3
1415 2910 1452 2972 in

246 3018 299 3080 his
333 3019 446 3100 primo
480 3019 554 3083 fere
590 3021 736 3084 saeculo
770 3021 879 3083 eliam
913 3019 1083 3082 sacerdos
1112 3019 1216 3082 Isidis
1250 3019 1459 3082 nominatur·

344 3243 375 3310 52)
393 3244 624 3312 InscrIptionem
643 3250 736 3297 totam
755 3246 797 3297 sic
817 3244 930 3297 dlvido:

277 3358 325 3406 1-
343 3357 366 3406 9.
393 3351 471 3414 Quid
489 3354 560 3407 urbs
580 3353 617 3406 ad
636 3355 783 3406 sacrificia
802 3353 946 3407 conferat.

276 3447 367 3498 e-rr.
394 3443 473 3506 Quid
491 3445 633 3498 sacerdos
656 3445 805 3498 sacrificet
827 3444 1056 3513 (comprehenso
1076 3445 1123 3496 die
1143 3445 1221 3497 festo
1240 3444 1455 3508 lucernarum)..

261 3539 368 3590 lli—21.
394 3534 478 3598 Quae
497 3538 627 3604 pecunia
644 3538 708 3590 viro
727 3536 880 3604 Aegyptio
900 3537 994 3589 detur.

258 3630 367 3681 22-25.
394 3625 459 3688 Qua
486 3627 524 3680 de
552 3642 644 3682 causa
670 3628 839 3696 Aegyptius
867 3629 908 3682 ibi
936 3630 981 3681 sit.
1022 3628 1147 3681 Votatm·
1172 3629 1261 3680 homo
1290 3629 1452 3694 quisquam

392 3713 512 3778 praeter
531 3711 720 3764 sacerdotem
739 3713 915 3766 sacrificare.
951 3712 1018 3775 (Qui
1039 3727 1146 3766 versus
1169 3727 1223 3780 per
1244 3711 1447 3788 parenthesim

323 3818 329 3828 ι
392 3793 563 3858 adduntur.)
1319 3814 1321 3818 ·

256 3888 364 3939 ‘aa-27.
392 3883 470 3946 Quid
492 3887 634 3940 sacerdos
658 3888 787 3956 accipiat
813 3888 840 3953 a)
864 3889 992 3942 asacris
1015 3889 1143 3941 fortasse
1162 3887 1290 3954 publicis
1309 3887 1452 3949 (fortasse

393 3970 470 4037 σέρια
492 3985 545 4036 pro
569 3972 647 4038 γέρεα
669 3975 792 4038 propter
810 3973 870 4037 34l5
891 3971 1054 4040 legendum
1074 3969 1130 4037 est)
1157 3971 1187 4037 b)
1206 3985 1223 4023 a
1242 3969 1452 4037 tabulisquae

391 4058 544 4120 ponuntur
562 4053 599 4106 ab
617 4053 669 4106 —l

255 4147 364 4200 ‘ze—29.
391 4143 417 4197 A
436 4145 546 4198 tabulis
565 4150 667 4199 antem
681 4163 698 4200 a
710 4147 798 4214 plebe
817 4149 922 4216 positis
941 4148 1066 4200 reclusis
1084 4147 1267 4200 frumentum
1282 4149 1337 4199 etc.
1352 4145 1451 4198 datur.

255 4239 363 4292 29—33.
390 4235 474 4298 Quae
492 4239 623 4305 pecunia
641 4238 791 4291 sacerdoti
811 4239 905 4292 detur.

256 4332 363 4384 34—35.
390 4326 468 4390 Quid
487 4330 629 4382 sacerdos
648 4345 665 4382 a
683 4331 921 4384 sacrificantibus
940 4332 1064 4398 privatis
1084 4331 1219 4398 accipiat.

255 4423 363 4474 36—38.
388 4419 488 4472 Deleti
506 4426 583 4472 sunt.
