3334 5358
685 527 891 590 -77,-

185 728 309 804 (BCH
333 728 415 792 XIV
433 730 517 807 111);
541 726 558 791 ὁ
584 727 683 812 ἱερεὺς
704 726 759 811 τῆς
781 727 903 804 Ἴσιδος
930 727 1169 815 Ἀθηνόδωρος
1196 727 1391 809 'Arreston

186 834 243 921 τὴν
257 834 374 902 ἑαυτοῦ
389 835 532 924 ἀδελφὴν
548 835 737 920 Παρὺινναν
765 835 960 918 Ἀντιγένοο
975 844 1080 919 θεοῖς
1103 855 1195 920 quaa
1210 837 1391 920 Paryinua
1512 851 1515 856 '

186 947 221 1009 in
249 946 375 1010 eodem
402 947 521 1028 lapide
549 947 668 1010 uxoris
696 949 852 1010 statuam
883 946 936 1010 dis
968 948 1121 1012 dedicat.
1165 947 1285 1012 Isdem
1314 947 1389 1012 fere

185 1056 404 1136 temporibus
431 1073 594 1120 nummus
622 1055 751 1136 capitis
778 1061 943 1120 ornatum
965 1056 1120 1121 Isiacum
1143 1057 1212 1120 fert
1238 1055 1328 1134 (Cat.
1352 1058 1393 1120 oi

186 1162 240 1226 Gr.
266 1165 378 1246 coins,
404 1162 510 1228 Caria
537 1164 603 1244 109,
620 1164 683 1242 73).

285 1288 404 1353 Cnidi
431 1290 546 1352 altero
569 1291 629 1354 vel
652 1290 767 1371 primo
795 1309 825 1353 a.
850 1287 930 1354 Chr.
954 1309 987 1354 n.
1011 1309 1107 1355 saec.
1130 1289 1286 1372 Serapis,
1313 1292 1389 1371 Isia,

184 1398 298 1462 ceteri
325 1399 490 1462 coluntur
517 1398 580 1477 (Le
609 1398 678 1462 Bas
705 1405 742 1462 et
763 1397 1020 1479 Waddington‚
1051 1397 1109 1461 As.
1133 1399 1216 1463 min.
1245 1417 1278 1461 n.
1297 1398 1388 1478 511);

184 1503 314 1588 §apum
345 1506 411 1570 Ἴσι
444 1511 538 1582 θεοῖς
569 1505 652 1570 πᾶσι
684 1510 906 1590 θεραπευθεὶς
942 1504 1197 1582 Ἀπολλωνίδας
1228 1503 1389 1584 Ἀλεξαν·

184 1613 274 1698 δρεὺς
299 1627 473 1700 gadaursta.

525 2138 616 2236 IX.
679 2136 1044 2258 Conspectus,

280 2467 360 2531 Huc
376 2485 487 2549 usque
501 2468 717 2550 singulorum
730 2468 890 2532 locorum
903 2467 1037 2531 cultum
1052 2468 1236 2548 persecuti
1248 2486 1386 2548 sumus;
1424 2539 1426 2544 ¹

181 2576 333 2640 vidimus
367 2576 525 2659 singulas
558 2577 666 2641 urbes
700 2575 812 2656 (velut
845 2575 1005 2639 Athenas
1038 2574 1199 2639 Rhodum
1232 2576 1386 2641 Theram

182 2684 264 2764 alia)
299 2689 437 2750 tantum
466 2686 560 2750 inter
589 2702 628 2748 se
659 2684 817 2764 differre,
850 2688 888 2746 ut
914 2683 1009 2747 nullo
1037 2684 1141 2748 modo
1170 2685 1385 2750 coniunctae

181 2792 328 2856 tractari
353 2792 499 2873 possint.
544 2790 615 2857 Sed
637 2810 746 2872 nunc,
773 2810 855 2856 cum
881 2792 1040 2874 singulas
1063 2794 1169 2857 urbes
1192 2811 1386 2876 perspexe-

180 2901 304 2981 rimus,
331 2900 408 2964 fieri
430 2905 564 2983 potest,
591 2906 629 2964 ut
652 2918 709 2982 ea,
733 2919 825 2983 quae
849 2900 1051 2992 communia
1074 2901 1157 2981 sint,
1181 2900 1384 2965 efferamus.

181 3009 280 3073 Duas
321 3017 444 3092 partes
485 3010 754 3092 propagationis
796 3009 1057 3092 distinguimus:
1106 3015 1190 3072 ante
1233 3013 1268 3073 et
1304 3018 1386 3092 post

179 3118 435 3184 Alexandriam
480 3119 671 3183 conditam.
736 3117 826 3182 Nam
870 3118 941 3181 iarn
984 3122 1092 3182 antea
1134 3115 1262 3181 Graeci
1303 3134 1384 3183 cum

180 3228 367 3310 Aegyptiis
396 3228 557 3292 omnibus
584 3228 697 3291 modis
732 3227 917 3310 congressi
951 3232 1069 3308 erant,
1102 3227 1317 3308 praesertim
1349 3229 1384 3291 in

179 3337 358 3418 Aegypto,
392 3336 452 3400 ubi
486 3337 530 3400 ab
557 3335 701 3400 Ionibus
734 3336 881 3417 propria
907 3336 991 3400 urbs
1018 3335 1208 3399 Naucratis
1240 3336 1386 3400 condita

180 3450 267 3508 erat.
323 3443 612 3510 Consentaneum
650 3449 705 3508 est
741 3445 806 3508 hos
843 3445 950 3509 etiam
985 3445 1116 3508 cultum
1150 3444 1384 3525 praecipuum

179 3554 437 3636 Aegyptiorum
472 3553 577 3618 Isidis
615 3553 819 3635 accepissc;
861 3557 967 3635 atque
1005 3571 1136 3617 revera
1172 3554 1242 3617 iam
1280 3559 1383 3617 sexto

170 3663 325 3754 saeculo
359 3663 544 3744 inscriptio
579 3667 692 3742 extat,
728 3679 834 3744 quam
860 3661 1032 3726 Naucrati
1062 3662 1267 3742 attribuam,
1303 3680 1383 3727 cum

178 3772 277 3854 origo
293 3771 369 3835 eius
385 3771 526 3835 incerta
541 3771 601 3852 sit;
624 3775 790 3836 servatur
805 3772 841 3835 in
857 3789 979 3835 museo
997 3770 1172 3850 Oairensi;
1196 3774 1251 3836 est
1266 3771 1383 3854 imago

178 3879 282 3944 isidis
310 3897 458 3960 puerum
481 3880 614 3943 Horum
642 3881 830 3945 nutrientis
859 3879 992 3960 (Journ.
1016 3880 1062 3944 oi.
1085 3879 1175 3944 Hell.
1200 3884 1240 3943 st.
1265 3879 1384 3943 XXIV

178 3989 267 4066 337):
306 3986 483 4070 Πύθερμος
509 4013 549 4071 με
578 3986 776 4065 ὁ-Νέλιονος
803 3985 940 4054 ἐλύσατο
968 3991 1023 4072 τῆς
1048 3987 1208 4068 Ἐσιος53)
1242 3987 1382 4071 ἄγαλμα.

179 4095 285 4162 Cuius
307 4096 411 4162 Isidis
435 4097 551 4160 cuitus
575 4098 703 4162 deinde
726 4098 796 4162 iam
821 4097 942 4178 quinto
970 4114 1065 4161 saec.
1091 4097 1198 4160 etiam
1221 4096 1382 4160 Athenas

177 4207 278 4271 uenit
299 4206 364 4269 sed
386 4206 549 4287 privatus
572 4206 711 4270 mansit.

278 4436 310 4505 5³)
329 4431 412 4501 Quae
424 4438 521 4490 forma
534 4440 662 4491 nominis
680 4453 748 4491 curn
766 4438 859 4492 verbo
879 4440 997 4507 coptico
1015 4435 1085 4492 Act
1105 4437 1314 4506 componenda
1327 4445 1381 4491 est.
