3334 5358
807 523 1014 587 ..53--

408 721 569 804 Hymnus
590 723 720 788 Andri
742 723 910 788 inventus
933 725 1046 807 primo
1067 726 1143 789 fere
1167 743 1197 789 a.
1215 724 1295 788 Chr.
1312 743 1345 787 n.
1367 725 1517 788 saeculo

306 832 494 896 addicitur.
538 833 649 896 Extat
682 834 791 897 etiam
824 833 946 898 tabula
979 835 1192 915 sepulcralis
1226 833 1366 897 iuvenis
1393 833 1517 910 Isiaci,

307 940 408 1004 cuius
431 945 588 1006 aetatem
603 941 727 1024 ignoro
744 943 827 1021 (XII
840 943 869 1022 5,
883 943 968 1024 797),
990 949 1183 1024 praeterea
1198 961 1360 1006 nummus
1378 943 1518 1020 (Hadri-

307 1051 366 1113 ani
386 1068 499 1132 usque
522 1050 567 1114 ad
584 1049 721 1130 Getam)
745 1052 796 1130 (B.
816 1070 850 1116 v.
866 1051 979 1132 Head‚
1002 1051 1082 1116 blst.
1098 1069 1191 1114 num.
1207 1051 1293 1130 410),
1317 1050 1385 1114 nisi
1407 1051 1518 1114 inter-

305 1159 461 1240 pretatio
485 1160 560 1223 eius
584 1161 794 1225 addubitata
816 1165 914 1225 esset
937 1179 959 1223 a
980 1159 1200 1237 Paschale40)
1228 1159 1361 1237 (Journ.
1384 1159 1516 1223 intern.

306 1285 398 1331 num.
420 1267 437 1330 Ι
459 1267 545 1346 324).

407 1390 500 1475 Syri
527 1393 680 1458 sortasse
710 1391 888 1458 dedicatio
912 1395 1035 1474 templi
1057 1395 1137 1476 ipsa
1159 1393 1229 1456 iam
1253 1397 1368 1456 extat:
1400 1391 1514 1475 Ἀθή-

307 1522 400 1564 νοιον
414 1500 464 1563 III
478 1501 586 1580 64741)
610 1503 660 1580 (in
683 1504 816 1584 templo
839 1504 876 1566 in
898 1503 985 1567 urbe
1009 1507 1133 1568 vetere
1151 1503 1332 1584 Syriorum
1354 1503 1518 1581 inventa,

306 1605 361 1690 τῆς
391 1607 528 1686 Ἴσιδος,
565 1615 603 1672 ut
638 1615 801 1696 Στέφανος
837 1611 950 1688 dicinz
998 1609 1166 1676 Claudias
1200 1612 1374 1676 Secundus
1403 1611 1519 1675 Victor

306 1715 505 1780 tribunitiae
536 1718 696 1800 templum
720 1719 823 1783 Isidis
852 1741 927 1783 cnm
957 1721 1048 1782 omni
1078 1727 1248 1803 apparatu
1278 1742 1342 1784 erro
1364 1720 1518 1803 poenaria

301 1823 392 1903 feeit.
438 1822 517 1903 (Cui
544 1827 695 1908 tempori
718 1828 841 1891 titulus
868 1828 1115 1893 attribuendus
1142 1829 1200 1905 sit,
1231 1828 1378 1906 nescio).
1413 1827 1518 1890 Multi

304 1932 437 1995 nummi
464 1932 507 1995 M.
530 1933 653 1999 Aureli
687 1953 797 2016 usque
831 1937 877 2000 ad
907 1935 1078 2001 Severum
1106 1937 1349 2001 Alexandrum
1382 1937 1516 2018 partlm

221 2091 223 2096 .
305 2039 413 2102 etiam
439 2040 537 2106 Ἴσιδι
558 2049 683 2128 Συρίων
709 2053 771 2107 aut
797 2050 886 2120 Εῗσις
909 2052 1032 2132 Συρίων
1057 2046 1222 2127 inscripti
1247 2045 1332 2108 Isim
1357 2045 1416 2108 hic
1443 2045 1515 2126 pri·

304 2165 400 2211 mum
428 2149 546 2213 locum
575 2152 691 2216 cultus
719 2153 915 2218 obtinuisse
943 2157 1121 2219 testantur
1153 2153 1210 2232 (M.
1231 2153 1351 2234 Suppl.
1371 2153 1420 2216 IV
1439 2151 1515 2231 400,

302 2256 366 2321 300
382 2260 488 2340 sqq.);
518 2259 620 2324 quta
645 2261 729 2324 Isim
754 2267 833 2327 rota
860 2263 1004 2344 deplota
1031 2268 1098 2342 est,
1135 2279 1226 2343 quae
1257 2261 1342 2324 alibi
1368 2261 1517 2325 Nemesi

304 2365 478 2430 tribuitur.
528 2367 662 2433 Contra
694 2388 766 2433 non
800 2371 847 2434 ad
879 2371 1014 2434 cultum
1048 2369 1231 2454 Syriorum
1264 2373 1432 2450 spectant
1465 2370 1516 2432 in-

303 2475 531 2556 scriptiones
554 2496 643 2559 quas
659 2479 816 2560 inportu
838 2478 906 2544 τῶν
927 2477 1124 2564 γραμμάτων
1142 2485 1275 2542 nautae
1293 2478 1515 2560 temporibus

303 2583 558 2664 imperatorum
592 2587 866 2669 inscripserunt,
904 2588 963 2667 qui
996 2587 1155 2668 Serapim
1193 2585 1298 2649 deum
1331 2587 1399 2650 sibi
1431 2604 1513 2667 pro-

302 2693 427 2772 pitium
449 2694 732 2775 imploraverunt
752 2695 836 2774 (XII
854 2696 884 2776 5,
899 2696 974 2774 712)
1000 2697 1037 2760 17
1051 2701 1092 2760 Γ;
1115 2692 1288 2779 (δρινὴσδη
1308 2691 1513 2775 [Ἀπολλώς

303 2798 322 2880 δ)
341 2803 484 2884 μέθοδος
504 2801 595 2888 παρὰ
617 2801 661 2888 τῷ
684 2803 807 2888 Σεράπι
833 2808 887 2867 καὶ
913 2807 950 2894 τῇ
972 2806 1075 2892 σκοπῇ
1098 2808 1134 2866 et
1156 2801 1255 2867 25A:
1290 2801 1441 2868 Εὔπλοια
1464 2800 1513 2884 οῷ

301 2911 497 2996 ollonnam
518 2910 562 2996 τῷ
588 2909 759 2997 Ἰοολιανῷ
788 2910 1000 2998 Ἀρτεμισίου
1024 2912 1213 2996 Μειλησίοο.

403 3036 553 3102 Sislrum
576 3041 612 3101 et
635 3038 753 3119 situla,
782 3055 873 3120 quac
895 3037 962 3100 Isis
985 3038 1021 3099 in
1045 3036 1195 3099 nummis
1219 3041 1332 3114 tonet,
1356 3036 1512 3100 redeunt

300 3145 336 3207 in
360 3146 565 3227 anaglypho
596 3144 803 3230 (Ἀθήναιον
824 3145 875 3208 ΙΙΙ
896 3145 971 3222 old)
994 3145 1149 3208 fortasse
1173 3144 1366 3225 sepulcrali
1389 3162 1510 3208 sacer·

301 3253 392 3316 dotis
425 3253 576 3318 Isiacae.
625 3254 679 3319 De
713 3259 833 3318 statua
866 3257 986 3318 autem
1019 3253 1151 3316 ibidem
1184 3253 1379 3334 descripta,
1414 3271 1510 3334 quae

300 3379 412 3443 prope
436 3364 606 3444 templum
629 3369 776 3445 reperta
799 3367 863 3442 est,
886 3361 974 3425 nihil
997 3360 1086 3425 certi
1110 3360 1231 3424 dicere
1254 3377 1410 3441 possum.

402 3487 521 3553 Ceus:
544 3489 612 3552 XII
633 3489 662 3568 5,
679 3489 755 3554 606:
778 3488 886 3563 ἔδοξεν
907 3499 975 3561 τοῖς
996 3492 1253 3571 Σαραπιασοαϊς·
1277 3483 1387 3568 ἐπειδὴ
1405 3482 1509 3549 Ἐπα-

298 3602 418 3679 μείνων
439 3602 590 3679 Σωμέιιου
612 3593 692 3680 ἀνὴρ
712 3595 812 3672 καλὸς
833 3592 984 3674 noronte
1003 3592 1051 3658 (δν
1066 3593 1207 3658 διατελεῖ
1219 3596 1291 3676 περὶ
1307 3590 1367 3656 σδν
1385 3598 1511 3658 θίασον

299 3708 352 3768 καὶ
374 3702 547 3792 φιλότιμος
567 3703 728 3786 δεδόχθαι
750 3716 817 3780 τοῖς
831 3711 1077 3789 Σαραπιασσαίς
1097 3702 1267 3764 ἐπαινέσαι
1285 3697 1510 3782 Ἐπαμείνονα

375 3817 428 3876 καὶ
455 3812 665 3901 στεφανῶσαι
691 3809 795 3878 αὐτόν
823 3812 952 3876 θαλλοῦ
979 3830 1128 3896 στεφανῳ
1153 3812 1206 3871 καὶ
1229 3805 1424 3893 δι’νακηρύξαι
1445 3807 1510 3875 τόν

299 3927 463 4008 στέφανον
484 3934 552 3997 τοῖς
573 3923 752 3996 Είσιδείοις.
786 3921 832 4000 (II
854 3921 1008 3983 fortasse
1032 3936 1062 3981 a.
1081 3916 1160 3981 Chr.
1178 3935 1210 3978 n.
1234 3916 1343 3994 saec.)
1382 3915 1508 3981 Cultus

298 4031 407 4112 igitur
434 4035 489 4096 est
515 4031 678 4112 privatus
706 4030 825 4108 thiasi;
855 4027 949 4108 quod
975 4044 1056 4090 mea
1079 4029 1200 4088 autem
1221 4024 1376 4088 maxime
1398 4025 1508 4089 inter-

398 4245 430 4314 lo)
445 4244 553 4312 Ἐπιιδῆ
567 4247 687 4316 οὐδαμοῦ
702 4244 815 4316 εὕρομεν
827 4244 942 4294 τοιοῦτον
955 4239 1044 4306 τύπον,
1063 4239 1226 4308 ὑοοτὲδομεν
1239 4238 1276 4290 ὅτι
1289 4241 1317 4289 ἐκ
1328 4241 1508 4310 παραδρομῆς

298 4326 395 4395 ἐκλήθη
414 4330 478 4382 οὕτω
498 4329 512 4395 ἡ
531 4329 639 4400 Ἐφεσία
659 4330 795 4397 'Aprem

398 4430 429 4493 ⁴¹)
448 4429 483 4482 ln
502 4428 580 4482 CIL
597 4428 638 4480 ΙΙΙ
657 4427 758 4494 Suppl.
778 4440 844 4479 eam
863 4425 974 4475 frustra
993 4423 1137 4488 quaesivi.
