3334 5358
592 493 798 555 —tu—

192 689 271 753 Duo
294 691 447 772 numina,
480 709 628 773 quorum
651 691 867 756 documenta
889 691 925 754 in
947 691 1016 756 hoc
1040 691 1125 755 fano
1148 691 1297 756 inventa

97 801 182 878 suut,
219 798 361 862 omuino
390 799 514 882 ignota
543 805 638 878 sunt,
667 802 721 864 23:
756 805 936 884 Στερτίνιος
964 805 1107 882 Σπορίου
1135 797 1297 880 Ῥωμαῖος

92 901 245 988 Ὕδρέω[ι]
261 903 391 991 ἐπηκόῳ
412 904 613 993 χαριστήριον
634 906 686 995 ἐφ’
705 908 810 992 ἱερέως
825 905 1032 991 Θεομνήστου
1047 908 1298 992 Κυδαθηναιέως

96 1013 313 1100 ζακορτύοντος
327 1022 449 1080 Νυσίου
470 1015 543 1097 (qui
565 1018 774 1082 sacerdotes
797 1015 978 1099 Serapidis
1002 1023 1097 1094 sunt;
1121 1016 1238 1095 0122)
1261 1021 1297 1079 et

95 1123 145 1186 bl:
186 1120 366 1208 Ἀριστίων
397 1121 620 1210 Ἀλεξάνδρου
652 1123 845 1208 Ἀντιοχεὺς
879 1124 1036 1215 Μελλόνῃ
1067 1122 1150 1210 ὑπὲρ
1182 1123 1296 1190 ἑαυτου

96 1237 143 1296 καὶ
170 1237 226 1316 τῆς
251 1232 403 1331 γυναικός
427 1239 480 1299 καὶ
506 1231 575 1299 τιόν
596 1239 715 1299 τέκνων
737 1231 867 1298 ἀστικοῦ
893 1232 936 1298 ν’.
980 1232 1116 1297 Nomen
1141 1229 1296 1324 Μελλόνῃ

19 1401 20 1440 ᾖ
96 1345 265 1406 accurate
290 1342 459 1424 distingui
481 1361 588 1424 posse
611 1343 652 1408 H.
668 1343 706 1406 B.
730 1342 826 1406 dicit.
869 1341 1022 1422 (Similes
1049 1341 1142 1406 tituli
1163 1341 1296 1407 62-64

19 1455 20 1462 ’
96 1451 236 1514 nomine
271 1451 328 1514 dei
362 1451 512 1530 carent.)
560 1451 685 1532 Neque
718 1451 889 1516 debemus
916 1450 936 1514 λ
965 1449 1101 1527 delere,
1135 1450 1219 1531 quia
1250 1468 1296 1513 nc

19 1561 20 1594 1
94 1557 170 1633 ’ίσις
192 1558 432 1641 μελανόστολος
455 1560 597 1642 quidem
619 1559 779 1624 breviter
802 1555 938 1643 Μελάνη
961 1559 1031 1622 dici
1053 1563 1182 1640 potest.

194 1666 353 1731 Vidimus
375 1669 483 1750 igitur
510 1669 619 1732 multo
642 1670 746 1750 plura
774 1667 938 1732 aedificia
969 1667 1049 1731 loco
1083 1666 1207 1747 templi
1240 1667 1298 1729 des·

18 1761 19 1832 3
97 1777 198 1840 dieue
231 1776 548 1875 diraeque-fuisse
583 1795 671 1858 opus
705 1795 795 1857 esse,
834 1793 1049 1856 quamquam
1085 1774 1209 1838 fanum
1243 1773 1296 1837 dis

98 1885 284 1966 Aegyptiis
314 1889 351 1949 et
379 1883 490 1966 Syriis
524 1903 711 1950 commune
745 1885 856 1949 fuisse
885 1884 1037 1948 videtur.
1086 1882 1219 1948 Omnes
1246 1900 1297 1946 re-

97 1993 181 2074 liqui
212 1994 282 2057 loci
316 2011 403 2057 sane
437 1993 561 2058 referti
593 1998 696 2058 erant
729 1993 856 2058 statuis
890 1993 1000 2057 titulis
1033 1993 1105 2056 aris
1138 1991 1297 2070 sedibus;

98 2118 116 2165 e
131 2101 259 2182 quibus
275 2101 424 2165 duarum
441 2102 686 2166 dedicationes
701 2102 773 2166 iam
789 2107 925 2184 extant,
940 2102 1057 2166 altera
1071 2119 1093 2164 a
1108 2100 1297 2164 sacerdote

99 2210 182 2272 anni
206 2209 298 2288 11817
330 2208 492 2292 Serapidi
518 2211 603 2274 Isidi
629 2210 783 2274 Anubidi
805 2209 1022 2292 Harpocrati
1051 2210 1218 2302 dedicata
1242 2207 1297 2288 (b),

98 2319 211 2381 altera
243 2335 327 2382 num
355 2318 536 2399 Serapidis
565 2318 673 2382 luerit
699 2319 879 2383 nescimus
907 2319 984 2400 (66).
1028 2317 1151 2400 Neque
1183 2318 1297 2399 magis

99 2427 238 2507 soimUS,
262 2445 346 2490 num
367 2425 422 2490 67:
445 2425 594 2502 Πόπλιος
609 2432 678 2492 eto.
698 2425 735 2491 τό
760 2425 986 2511 λιθόστρωτον
999 2430 1052 2491 καὶ
1067 2424 1126 2503 τός
1138 2426 1299 2500 ιτιντιλίδας

98 2535 151 2598 ἐπὶ
177 2533 282 2618 ἱερέως
309 2532 570 2618 Ἀπολλοδώρου
590 2533 647 2599 τοῦ
675 2532 937 2621 Ἀπολλοδώρου
959 2536 1140 2620 Κρωπίδου,
1162 2535 1298 2599 κλειδου-

99 2645 229 2722 χοῖντυς
272 2645 491 2708 Ποσειδωνίου
534 2642 591 2709 τοῦ
634 2640 868 2730 Γηροστράτου,
911 2642 1131 2727 ζακορεόοντος
1174 2648 1296 2721 Νικίου,

99 2749 277 2834 Serapidis
297 2753 430 2833 templo
451 2753 681 2818 attribuenda
700 2754 756 2817 sit.
791 2752 931 2816 Gradus
952 2753 1131 2816 scalarum
1155 2751 1298 2814 dedicat

97 2860 318 2942 Hipponicus
350 2865 433 2943 post
461 2861 554 2942 10514
586 2865 732 2943 praeter
764 2862 853 2925 alias
887 2878 960 2924 res:
996 2858 1108 2924 ΒΘΗ
1131 2859 1197 2922 VII
1223 2859 1298 2924 368:

99 2966 156 3043 τός
191 2969 336 3058 ψαλίδας
370 2973 422 3033 καὶ
458 2967 533 3045 τούς
574 2967 700 3052 βωμοὺς
742 2973 795 3032 καὶ
839 2966 896 3052 τὴν
939 2966 1100 3049 ἀνάβασιν
1136 2967 1299 3048 Serapidi

98 3076 181 3140 lsidi
207 3077 361 3141 Anubidi
383 3077 608 3159 Harpocrati.
653 3078 777 3159 Neque
803 3094 890 3140 vero
919 3077 1009 3156 scio,
1045 3095 1113 3157 quo
1141 3075 1299 3139 fornices

98 3188 273 3266 spectent.

196 3401 462 3467 Sacerdotes.
492 3402 664 3467 Praeerat
680 3403 791 3467 cultui
807 3402 986 3482 sacerdos,
1005 3401 1064 3482 qui
1080 3401 1299 3482 temporibus

98 3511 366 3576 Atheniensium
390 3529 434 3574 ex
454 3511 630 3575 nobilibus
646 3512 789 3575 familiis
805 3511 1082 3575 Atheniensibus
1100 3511 1298 3574 creabatur.

98 3619 219 3700 Neque
244 3637 332 3700 opus
356 3627 434 3683 erat
457 3637 518 3684 eos
542 3625 686 3684 strenue
718 3625 754 3684 et
781 3621 839 3702 pie
863 3618 1026 3700 Serapidi
1056 3623 1092 3682 et
1114 3619 1198 3682 Isidi
1229 3637 1300 3682 ser-

16 3713 17 3720 *
99 3727 210 3807 visse;
238 3745 321 3791 nam
348 3729 407 3809 qui
433 3728 502 3792 hoc
530 3748 623 3792 anno
651 3729 832 3810 Serapidis
860 3727 1069 3792 sacerdotes
1097 3732 1214 3809 eraut,
1241 3729 1299 3791 illo

99 3835 252 3918 Dianae,
286 3837 474 3919 Apollinis,
510 3837 764 3902 Dioscurorum
807 3837 950 3902 fiebant.
1003 3835 1073 3899 Sed
1107 3835 1301 3917 Ferguson,

100 3943 149 4008 the
182 3946 352 4010 Athenian
384 3948 527 4012 archoas
560 3950 599 4030 os
624 3947 676 4011 the
709 3947 801 4011 third
834 3948 903 4010 aad
935 3967 996 4010 sec.
1024 3953 1105 4010 cont.
1133 3946 1195 4028 bes.
1222 3943 1300 4010 Otr.

26 4043 28 4048 ’
100 4049 251 4134 Cornell,
274 4055 408 4119 studies
431 4056 467 4118 in
490 4057 596 4122 class.
619 4055 702 4136 phil.
723 4055 756 4117 X
779 4055 840 4133 (ef.
865 4053 1040 4118 Classical
1061 4053 1185 4116 Philol.
1208 4053 1300 4132 1906)

102 4161 359 4226 demonstravit
381 4164 502 4244 tribus,
527 4165 692 4245 equibus
714 4165 955 4244 sumebantur,
979 4167 1118 4226 certum
1141 4161 1301 4226 ordinem

102 4273 200 4352 sequi
224 4276 260 4336 et
276 4290 357 4336 eum
380 4273 579 4336 scribarum
593 4273 873 4350 Atheniensium,
897 4277 1004 4352 atque
1024 4271 1075 4334 ita
1090 4271 1300 4334 sacerdotes

102 4377 281 4463 Serapidis
315 4399 337 4444 a
366 4381 459 4460 13716
486 4381 533 4444 ad
557 4381 651 4460 tillo
684 4381 808 4443 statuit
842 4398 887 4443 ex
919 4380 1038 4444 iudice
1072 4379 1301 4443 sacerdotum
1361 4369 1364 4377 ⁴

1100 4531 1116 4578 4
