3334 5358
585 476 793 542 „09..

81 678 180 742 arta
202 697 234 759 p.
250 677 340 755 533):
371 685 426 741 est
449 678 654 757 sepulcrum
677 677 884 758 'l'heupitlris
907 678 1093 742 cuiusdam
1115 679 1151 742 in
1174 698 1292 761 pugna

82 788 223 850 necati:

189 918 347 1003 ὑπέρτατε
367 917 531 1003 κ]ο[ι’ραν]ε
552 918 675 1002 κόσμου
697 925 749 982 καὶ
773 919 911 1002 plumes
932 919 1063 1006 Σάραπι

188 1033 311 1118 ὄχοῦσα
333 1061 367 1099 τε
388 1039 478 1118 κρατὶ
501 1034 636 1120 σελήνην
657 1034 869 1122 ἆμφίκοριο[ν
894 1036 957 1102 'lut

187 1152 264 1236 ὑμῖν
285 1150 363 1217 elus
384 1159 492 1236 καίρια
513 1158 624 1238 τέχνης
645 1152 767 1234 χαλκόν
789 1157 833 1230 εἰς
854 1153 1014 1238 καμούσης

187 1268 337 1354 ἱδρύσατο
353 1267 408 1354 τῆς
423 1275 628 1346 &consillum
643 1274 763 1346 εἴκονος
778 1270 918 1352 τύπωμα
933 1277 1002 1336 etc.
1034 1271 1288 1354 Supplementa
1331 1345 1341 1362 Ι

79 1377 214 1464 >lupam
242 1385 278 1443 et
304 1377 369 1444 Ἴσι
395 1397 466 1442 non
493 1383 595 1444 certa
618 1379 792 1444 dicuntur.
836 1379 920 1443 Mihi
944 1384 1063 1444 autem
1087 1380 1288 1444 certissima

80 1489 262 1566 videntur,
286 1506 368 1552 cum
391 1485 535 1569 Serapis
559 1489 703 1569 saepius
726 1488 777 1550 ita
798 1489 1000 1552 nominatus
1024 1491 1083 1554 sit:
1107 1491 1190 1554 Tac.
1207 1491 1286 1555 hist.

79 1596 129 1661 IV
152 1597 193 1660 84
223 1597 375 1681 plerique
402 1597 513 1661 Iouem
543 1604 580 1659 ut
606 1617 720 1660 rerum
748 1599 896 1660 omnium
917 1606 1087 1680 potentem
1109 1649 1115 1662 .
1135 1647 1140 1660 .
1158 1651 1189 1662 ..
1214 1622 1285 1664 cuu-

79 1708 212 1770 iectuut.
244 1705 306 1771 Iul.
322 1705 408 1786 Imp.
425 1723 474 1768 ur.
490 1705 539 1768 IV
554 1705 612 1770 136
624 1713 671 1769 A:
701 1705 828 1786 Apollo
852 1705 897 1769 dc
913 1705 1085 1788 Serapide
1101 1709 1285 1772 oraculum

78 1815 156 1878 dat:
189 1815 231 1888 εἷς
257 1811 337 1889 Ζεύς
363 1813 405 1888 οἷς
432 1811 551 1896 ’Ἅιδης
576 1813 618 1887 εἷς
645 1810 756 1888 Ἥλιος
780 1814 848 1876 ἐστι
870 1810 1025 1896 Σάραπις.
1069 1815 1285 1880 Praesertim

79 1923 266 2000 Aristides,
289 1927 333 1998 εἰς
355 1929 482 2010 Σαραπ.
507 1939 536 1987 c.
556 1922 612 1985 22:
643 1925 803 2002 potestas
827 1923 976 1986 aliorum
999 1924 1145 1987 deorum
1169 1925 1285 1988 divisa

79 2035 144 2110 est,
168 2029 311 2112 Serapis
335 2036 454 2094 autem
478 2029 589 2114 οἵσπερ
611 2041 783 2116 κορυφαῖος
804 2027 941 2094 πάντων
963 2027 1062 2114 ἀρχὰς
1083 2037 1135 2095 καὶ
1158 2037 1284 2117 πέρατα

77 2141 151 2221 ἔχει.
195 2139 312 2203 Etiam
334 2139 419 2203 Isim
441 2143 542 2203 recte
566 2139 766 2220 suppletam
795 2157 875 2202 esse
903 2143 996 2221 putu,
1025 2158 1106 2204 cum
1133 2141 1283 2224 liguram

77 2249 182 2312 Isidis
206 2247 330 2328 Cyzici
352 2249 535 2311 inventam
558 2247 759 2328 respiciam,
788 2245 887 2309 cuius
915 2265 1045 2328 corpus
1069 2248 1104 2311 in
1128 2266 1281 2331 anguem

78 2357 208 2420 desinit
235 2360 271 2420 ct
298 2375 390 2437 quae
418 2355 537 2436 capite
565 2356 705 2418 mitram
740 2359 775 2418 et
802 2356 923 2419 lunam
956 2356 1027 2420 fert
1060 2356 1160 2435 (Rev.
1184 2357 1280 2420 arch.

79 2465 169 2546 1879,
203 2467 226 2544 1,
250 2465 326 2544 2573
360 2465 404 2546 pl,
429 2465 477 2527 IX
506 2465 544 2542 t).
601 2463 825 2546 Quamquam
858 2465 927 2529 hoc
961 2484 1029 2528 non
1065 2467 1111 2528 ad
1145 2467 1278 2530 cultum

75 2575 189 2655 ipsum
214 2579 372 2655 spectat,
400 2577 519 2636 tamen
548 2592 593 2637 ex
620 2592 677 2652 ec,
705 2573 799 2654 quod
829 2591 910 2637 cum
937 2573 1170 2656 inscriptione
1199 2591 1279 2637 con-

75 2684 178 2764 gruit,
202 2683 419 2746 concludere
436 2699 622 2762 possumus
640 2679 762 2764 Cyzici
777 2682 862 2745 Isim
879 2681 1015 2746 Lunam
1038 2683 1171 2746 cultam
1187 2701 1277 2747 esse.

73 2793 126 2870 (In
155 2792 392 2856 monumentis
414 2791 499 2854 lsim
530 2808 639 2872 saepe
669 2791 720 2854 ita
749 2791 936 2872 figuratam
967 2792 1184 2873 invenimuS,
1214 2793 1277 2856 sed

72 2901 182 2963 etiam
214 2901 264 2963 ita
299 2901 439 2964 colitur:
473 2898 641 2962 Nemausi
670 2897 774 2978 (Gall.
797 2899 932 2979 Narb):
967 2898 1061 2963 CIL
1088 2901 1155 2963 ΧΠ
1180 2900 1276 2965 4069ε

70 3010 189 3074 Lcurrue
208 3017 238 3072 ct
254 3009 339 3072 Isidi
354 3009 439 3092 Aup.
455 3029 582 3072 sacr...
600 3006 807 3089 Carlsburgi
827 3007 992 3086 (Daciae)
1012 3007 1099 3072 CIL
1118 3007 1275 3071 11177711

66 3118 231 3200 Serapidi
253 3118 324 3180 Ioui
347 3117 419 3181 Soti
444 3117 526 3180 laidi
549 3116 666 3180 Luuuc
690 3116 827 3181 Diuuue
854 3118 907 3180 dia
934 3118 1121 3199 deabusque
1148 3137 1274 3180 couscr-

66 3228 239 3291 uatoribus
263 3227 333 3304 ...)
361 3227 397 3289 in
425 3227 536 3290 altero
564 3245 703 3308 quoquc
726 3229 952 3290 monumento
980 3225 1074 3304 (ibid.
1098 3226 1144 3306 pl.
1167 3213 1218 3288 IX
1240 3227 1272 3303 2)

64 3335 133 3398 Isis
158 3341 194 3398 et
208 3333 355 3419 Serapis
379 3337 413 3399 in
431 3354 566 3417 angues
591 3336 796 3400 desinentes
813 3336 1006 3414 finguntur;
1030 3352 1121 3416 quae
1137 3333 1271 3415 figurae
1364 3329 1368 3336 '

65 3461 150 3506 cum
176 3444 294 3507 multis
324 3444 509 3508 simillimis
539 3445 726 3526 Aegyptiis
754 3443 1025 3526 coniungendae
1053 3446 1149 3520 sunt,
1180 3460 1271 3524 quae

65 3553 277 3632 plerumque
300 3553 384 3616 mali
407 3553 672 3616 averruncandi
695 3552 812 3635 gratia
834 3557 1030 3634 portantur.

165 3683 207 3748 In
232 3685 349 3749 insula
381 3685 582 3768 propinqua
603 3686 756 3751 Besbicc
791 3679 1032 3767 anaglyphum
1067 3687 1269 3768 sepulcrale

65 3793 250 3856 inventum
275 3800 331 3858 est
353 3791 461 3872 (CIG
483 3795 579 3876 3701)
605 3795 688 3860 Isim
713 3804 749 3858 et
772 3795 933 3878 Serapim
956 3797 1146 3876 praebens
1176 3795 1269 3877 quod

64 3900 110 3962 ad
138 3899 309 3984 Cyzicum
334 3903 517 3984 pertinere
543 3904 738 3994 verisimile
767 3909 831 3969 est.
875 3905 1043 3968 Publicus
1071 3905 1187 3968 cultus
1213 3908 1268 3967 est

64 4007 99 4069 in
126 4009 277 4074 nummis
305 4011 348 4073 M.
371 4011 493 4076 Aureli
519 4019 556 4075 et
579 4010 805 4077 caracallae:
841 4011 985 4094 Serapis
1013 4012 1154 4092 sedens,
1184 4021 1267 4076 ante

65 4133 167 4196 quem
192 4117 370 4183 Cerberus
393 4119 562 4198 (Drexler
583 4138 616 4202 p.
632 4119 674 4183 48
687 4121 762 4202 sq.).
857 4107 859 4112 ’

161 4259 351 4343 Pergami
384 4258 546 4344 Serapim
580 4263 713 4328 cultum
747 4281 827 4328 esse
862 4264 968 4328 docet
1002 4282 1066 4328 ara
1098 4263 1264 4344 (Frankel

64 4382 93 4427 n.
110 4367 194 4449 337),
218 4387 325 4450 quam
348 4371 544 4435 secundum
566 4372 801 4436 litteraturam
827 4390 898 4436 sec.
920 4391 950 4436 a.
968 4371 1047 4437 Chr.
1064 4391 1096 4435 n.
1118 4373 1263 4438 saeculo
