3334 5358
616 473 853 568 ’-43-

21 779 22 790 ¹
151 708 310 784 Θεονένοο
334 704 593 790 Κοδοθηνοιέος,
616 704 676 768 ubi
697 705 834 787 Iupiter
849 705 956 770 Urius
979 706 1186 771 necessario
1210 704 1354 788 Serapis

150 816 213 876 est.
240 811 361 876 ,Alter
383 831 524 895 quoque
547 813 670 879 titulus
694 814 761 878 soli
787 821 842 878 Asi
870 811 966 900 οἰρῑῳ
993 815 1181 880 dedicatus
1210 814 1247 878 in
1269 813 1355 880 lano

20 1005 21 1014 ρ
149 920 332 1002 Serapidis
355 921 523 986 inventus
547 927 602 986 est
630 921 706 1002 (57).
751 921 857 988 Urius
892 923 936 987 de
958 923 1045 987 Iove
1079 927 1207 987 nautas
1240 922 1365 987 tuenti'

149 1028 281 1093 dicitur
309 1030 367 1107 (cf.
390 1031 495 1095 Anth.
518 1032 627 1112 palat.
650 1031 719 1094 XII
741 1029 790 1110 53,
810 1031 843 1095 7:
876 1033 930 1095 καὶ
952 1028 1032 1107 Ζεὺς
1049 1031 1054 1112 l
1073 1029 1179 1117 οὔριος
1203 1029 1356 1117 ὑμετέρας

20 1135 21 1138 ’
141 1134 323 1202 ,πνεύσωσι
344 1140 389 1214 εἰς
409 1135 542 1215 ὀθόνας
568 1142 604 1204 ο1
626 1139 722 1218 alibi)
755 1145 863 1220 atque
890 1139 1012 1204 titulus
1034 1140 1076 1204 22
1108 1157 1241 1204 revera
1271 1136 1355 1226 ὑπὲρ

146 1243 215 1311 τοῖν
235 1246 458 1328 πλοϊζομένων
481 1247 669 1314 dedicatus
693 1253 758 1312 est.
801 1248 857 1312 Ad
878 1247 973 1312 idem
995 1248 1154 1312 referam
1180 1251 1301 1324 σωθεὶς
1320 1248 1355 1313 ἐκ

148 1355 284 1420 πολλῶν
305 1358 358 1420 καὶ
380 1354 529 1438 μεγάλων
550 1355 709 1422 κινδύνων
733 1356 808 1436 (26).

246 1477 344 1544 Loco
377 1479 518 1545 illorum
550 1484 717 1562 quattuor
749 1481 897 1546 deorum
926 1499 1040 1564 saepe
1072 1481 1178 1546 modo
1208 1481 1353 1564 Serapis

19 1673 20 1676 Ἴ
146 1587 212 1652 Isis
246 1587 382 1652 Anubis
416 1589 618 1654 afferuntur
651 1590 700 1670 (in
733 1589 844 1654 titulis
878 1607 1053 1654 annorum
1088 1580 1341 1671 lasso-lusu)

147 1693 265 1761 Semel
297 1697 406 1762 etiam
439 1699 652 1779 cognomine
679 1695 814 1764 ούινοοι
839 1701 986 1762 utuntur
1007 1698 1089 1777 (14);
1123 1715 1188 1762 ara
1219 1698 1262 1761 iis
1296 1699 1354 1763 de·

147 1804 289 1870 dicatur
311 1804 521 1871 01G2303.
565 1807 668 1872 Haec
697 1807 805 1889 igitur
836 1805 905 1869 tria
936 1805 1083 1868 numina
1115 1805 1227 1869 artius
1258 1806 1354 1871 inter

146 1931 185 1978 so
208 1915 405 1980 coniuncta
427 1919 539 1980 erant.
578 1913 729 1980 Omnino
752 1915 905 1978 enimin
929 1914 1028 1978 cultu
1049 1915 1185 1978 Anubis
1207 1915 1352 1982 maioris

18 2050 19 2094 l
145 2023 314 2086 momenti
345 2031 400 2088 est
433 2042 540 2104 quam
561 2024 816 2106 Harpocrates.
859 2021 986 2086 Tribus
1019 2022 1088 2085 illis
1122 2023 1175 2086 dis
1209 2023 1352 2089 additus

146 2136 200 2196 est
225 2129 306 2208 Ζεδς
330 2129 442 2219 Σωτὴρ
470 2133 513 2212 (Β
527 2132 554 2197 O
566 2133 599 2196 H
622 2132 688 2196 VH
709 2131 799 2213 367):
835 2138 895 2195 Au·
916 2127 1038 2217 Σωτῇρι
1063 2127 1227 2214 Σαράπιδι
1254 2132 1353 2197 Ἴσιδι

142 2236 317 2321 Ἀνούβιδι
346 2239 531 2328 [wodestoc
559 2252 628 2306 ete.
657 2237 741 2306 κατὰ
772 2236 979 2323 πρόσταγμα.
1026 2240 1091 2304 ille
1121 2240 1210 2304 deus
1243 2241 1352 2322 igitur

146 2347 289 2432 Serapis
306 2355 371 2430 cst,
395 2350 454 2432 qui
469 2349 551 2414 Deli
574 2349 702 2414 eodem
718 2349 931 2432 cognomine
950 2349 1061 2413 utitur
1081 2349 1147 2429 (13)
1175 2346 1352 2432 ’Avolent

141 2452 295 2538 Ἠγεμδνι
320 2455 451 2544 Σαράπι
477 2455 593 2542 σωτῆρι
614 2457 681 2522 Ἴσι
706 2463 895 2542 σωτείρᾳ..
920 2462 956 2522 et
977 2457 1044 2522 Isis
1072 2459 1173 2537 (Diu.
1196 2457 1252 2523 IG
1274 2459 1349 2540 764)

140 2562 236 2629 Ἴσιδι
257 2571 400 2653 Σωτείρᾳ
428 2561 607 2649 Ἀστολρτει
634 2564 829 2652 Ἀφροδίτα
852 2565 955 2645 ...29)

242 2689 447 2772 Principem
469 2691 588 2756 locum
611 2691 727 2756 cultus
744 2691 888 2772 Serapis
912 2691 1062 2770 obtinet;
1085 2690 1256 2756 sacerdos
1273 2692 1349 2756 eius

143 2799 284 2864 nomine
308 2800 524 2882 appellatur:
557 2797 675 2864 11985
702 2799 846 2880 saepius
873 2795 972 2882 ἱερεὺς
992 2795 1178 2885 Σαράπιδος
1199 2799 1234 2864 ἐν
1256 2796 1350 2885 Δήλῳ

145 2911 179 2972 et
200 2907 250 2971 32.
288 2907 426 2972 Fanum
449 2908 524 2971 eius
547 2908 690 2972 nomine
713 2907 925 2988 appellatur.
969 2907 1010 2972 Ei
1033 2907 1100 2972 soli
1122 2904 1348 2989 Corcyraeos

144 3014 287 3098 quidam
313 3016 490 3081 decimam
517 3017 608 3080 lucri
638 3017 783 3081 dedicat
806 3016 883 3096 (46),
914 3013 1077 3103 Serapidi
1102 3010 1266 3105 Ἐπιφάνῃ
1292 3015 1349 3079 de

144 3121 285 3188 dicatur
304 3114 370 3188 ara
392 3123 445 3203 (45
469 3125 554 3188 anni
579 3126 651 3205 122(
673 3127 694 3201 ).

241 3249 312 3314 Sed
327 3249 394 3312 Isis
417 3249 617 3313 hominibus
640 3249 754 3332 magis
778 3249 878 3314 cordi
901 3253 970 3329 est3
993 3249 1113 3330 itaque
1136 3266 1216 3312 eam
1238 3248 1347 3312 multo

142 3358 285 3438 saepius
319 3357 452 3421 adeunt
488 3358 678 3440 multisque
712 3357 835 3422 formis
873 3359 1003 3422 colunt.
1058 3356 1181 3420 Affero
1219 3375 1348 3439 cogno-

144 3465 358 3530 minacius:

240 3587 450 3675 Δικαιοσύνης
482 3589 581 3655 OIG
603 3590 699 3656 2295:
733 3588 828 3668 Γάιος
850 3595 949 3656 Γαΐου
976 3587 1161 3677 Ἀχαρνεύς
1182 3588 1279 3676 ἱερεὺς
1299 3615 1346 3670 γε·

140 3696 277 3782 νόμενος
308 3700 343 3764 ἐν
374 3702 418 3785 τῷ
451 3699 507 3763 ἐπὶ
539 3705 686 3765 Ναυσίον
718 3698 874 3783 ἄρχοντος
904 3695 1041 3784 ἐνιαυτῷ
1074 3697 1197 3778 (115(4)
1229 3702 1282 3763 καὶ
1316 3697 1347 3764 οἳ

140 3804 359 3894 μελανηφόροι
398 3811 452 3873 καὶ
488 3807 519 3874 οἳ
555 3811 759 3893 θεραπευταὶ
795 3807 893 3873 Ἴσιδι
929 3803 1123 3898 Δικαιοσύνῃ
1164 3805 1345 3894 ἳδρὺσαντο.

240 4073 272 4138 ⁹⁹)
300 4073 379 4128 Alibi
409 4075 466 4128 hoc
497 4075 678 4143 cognomine
709 4075 898 4142 appellantur
926 4075 1103 4140 praesertim
1133 4076 1164 4128 in
1190 4072 1346 4141 Aegypto:
1433 4142 1436 4148 Ι

140 4156 241 4226 Abydi
259 4157 350 4222 (Jour.
369 4158 402 4210 of
411 4157 445 4210 Η.
464 4163 499 4211 st.
513 4161 585 4223 1902,
599 4162 659 4213 377:
678 4157 803 4227 Σάραπις
815 4155 919 4226 Ὄσιρις
937 4159 1060 4228 μέγιστος
1072 4157 1165 4228 σωτὴρ)
1184 4157 1240 4210 Isis
1253 4170 1345 4224 saepe
1362 4207 1364 4211 .

141 4241 231 4295 Philis
249 4233 321 4295 Diti.
340 4239 423 4296 OGI
441 4245 481 4296 87.
509 4239 591 4295 CIG
609 4240 676 4293 add.
693 4245 761 4295 4930
772 4240 801 4294 b.
814 4239 854 4307 d.)
872 4241 903 4292 in
921 4240 995 4293 urbe
1013 4240 1138 4294 Tchneh
1160 4240 1241 4302 (Ditt.
1261 4237 1346 4294 OGI

140 4325 183 4392 94)
201 4330 288 4378 extra
305 4322 491 4392 Aegyptum:
509 4323 596 4377 Lindi
616 4323 713 4377 Rhodi
732 4322 799 4390 (ΧΠ
818 4330 839 4390 1,
857 4317 918 4388 932ς
936 4325 996 4387 957)
1014 4323 1118 4376 latine:
1137 4321 1257 4390 Serapis
1277 4337 1345 4376 con-

141 4415 288 4463 servator:
313 4406 458 4462 Carnunti
476 4409 507 4460 in
525 4408 659 4461 Pannou.
678 4422 743 4474 sup.
762 4406 854 4471 (CIL
870 4405 912 4459 HI
931 4407 1031 4472 11157).
