3334 5358
820 501 1028 563 ..44-

321 701 466 769 Certum
489 711 544 766 est
566 701 649 766 huic
669 700 755 764 Isidi
776 700 960 783 proprium
983 699 1117 764 cultum
1139 699 1260 764 fuisse.
1295 697 1361 763 Oui
1382 698 1535 763 dedicat

322 811 417 891 11413
438 810 595 874 Milesius
618 809 762 892 quidam
784 806 827 871 τοὶ
840 803 968 892 βήματα
982 805 1066 872 κατὰ
1081 806 1277 891 πρόσταγμα
1298 808 1319 872 i.
1336 825 1366 871 e.
1382 807 1532 888 plantas

320 917 463 1001 pedum,
487 918 531 982 de
556 917 683 1000 quibus
706 920 835 998 postea
857 916 933 995 (37).
1370 981 1372 988 ,

422 1023 508 1112 Τύχη
529 1029 765 1110 Πρωτογένειατ
798 1026 839 1088 43
942 1022 1154 1111 ὀνειροκρίτης
1178 1028 1231 1088 καί
1258 1020 1453 1108 ἇρεταλόγος
1472 1026 1532 1087 καὶ

319 1133 338 1220 ἢ
362 1135 442 1218 γυνὴ
543 1134 641 1199 Ἴσιδι
669 1131 754 1225 Τύχῃ
781 1138 1005 1217 Πρωτογενείᾳ
1027 1183 1034 1198 .
1053 1181 1083 1197 ..
1111 1132 1234 1213 (11514)
1263 1151 1344 1198 eum
1371 1131 1532 1197 Fortuna

318 1243 386 1309 Isis
413 1244 531 1309 multis
558 1244 647 1308 locis
676 1244 870 1308 coniuncta
897 1247 966 1322 est;
999 1247 1039 1308 ut
1060 1241 1147 1306 Isidi
1169 1259 1370 1324 cognomen
1396 1248 1531 1322 Πρατο-
1651 1272 1652 1342 ἦ

318 1358 426 1433 γένεια
449 1354 607 1433 daretur,
634 1351 755 1416 effecit
777 1351 943 1432 fortasse,
971 1351 1065 1432 quod
1087 1350 1303 1414 narrabatur
1325 1350 1391 1413 Isis
1415 1349 1532 1414 maior

318 1467 406 1526 natu
427 1461 500 1525 lilia
522 1478 618 1524 esse:
640 1459 743 1524 Diod.
763 1459 779 1524 I
797 1459 848 1540 27,
863 1461 898 1524 4:
924 1458 986 1540 ἐγώ
1011 1462 1077 1542 ripa
1097 1456 1115 1543 ι)
1138 1455 1197 1523 τοῦ
1218 1455 1380 1524 νεωτάτου
1402 1455 1531 1540 Κρόνου

318 1573 401 1634 θσυυ
432 1565 580 1652 θυγατὴρ
612 1564 815 1653 πρεσβυτάτη
848 1567 907 1647 (cf.
935 1568 1086 1649 hymnos
1113 1566 1334 1632 Andriaoum
1362 1584 1396 1630 v.
1419 1568 1455 1630 14
1491 1571 1529 1630 et
1588 1581 1590 1586 ·

10 1663 12 1678 ’
132 1671 166 1694 ·’
260 1677 578 1756 ,1110111111111

418 1791 512 1870 Νίκηῑ
539 1786 582 1848 44
617 1791 699 1874 Νίκῃ
723 1783 822 1849 Ἴσιδι
850 1781 1030 1870 ’Λριστίων
1057 1781 1204 1863 Εὐδόξου
1236 1781 1396 1859 Μελιτεὺς
1427 1779 1528 1866 inperia

317 1891 491 1977 γενόμενος
504 1890 587 1958 κατὰ
601 1890 800 1976 πρόσταγμα
815 1890 967 1976 ἱδρύσατο
983 1893 1122 1973 (11413);
1145 1893 1273 1972 (forma
1288 1891 1525 1957 dedicationis

318 2003 447 2067 eadem
471 2006 526 2066 est
550 2020 642 2083 quae
664 2001 850 2080 Iustitiae).
894 2000 998 2080 Quod
1022 2019 1222 2084 cognomen
1244 2002 1458 2083 praesertim
1481 2019 1527 2064 ex
1653 2011 1654 2022 ¹

318 2111 430 2175 titulis
444 2111 564 2174 latinis
580 2110 679 2174 novi:
704 2108 835 2217 Corfini
857 2107 966 2189 (CIL
988 2109 1040 2173 lX
1061 2109 1158 2173 3144:
1182 2110 1268 2174 Isidi
1289 2111 1419 2174 victrici
1439 2131 1526 2174 saer.

316 2218 415 2285 5179:
449 2219 497 2282 Isi
519 2218 649 2282 victrici
670 2219 795 2283 Ιυοουί
823 2240 865 2282 σου
888 2219 985 2298 oica).
1028 2217 1084 2283 Ad
1112 2236 1219 2300 quam
1247 2219 1441 2284 referenda
1472 2223 1526 2282 est

316 2327 384 2391 Isis
411 2327 558 2406 invicta,
593 2345 686 2407 quae
713 2327 928 2409 praesertim
956 2324 1126 2391 Coloniae
1148 2326 1369 2408 Agrippinae
1398 2327 1527 2391 colitur
1654 2320 1655 2364 ³

318 2436 379 2516 (ef.
395 2439 565 2500 statuam:
589 2435 730 2514 Ermum
751 2437 838 2516 Aeg.
854 2435 928 2499 Rel.
944 2434 1016 2515 254,
1039 2435 1209 2515 lapidem:
1231 2434 1355 2500 Jahrb.
1372 2435 1404 2500 d.
1419 2435 1527 2501 Areb.

316 2541 582 2622 111111111821)
607 2543 652 2606 cl.
674 2544 783 2608 etiam
802 2544 996 2607 amuletum
1016 2540 1106 2622 νεικᾷ
1126 2541 1248 2624 illicne
1268 2542 1364 2620 (XIV
1378 2543 1471 2618 2413,
1483 2543 1526 2624 5).

413 2650 553 2731 Ὑγίειατ
573 2652 616 2714 42
637 2651 788 2728 Σέλευκος
808 2649 1010 2738 Ἀνδρονίκου
1025 2649 1240 2735 Ῥαμνούσιος
1254 2650 1309 2738 iao.
1321 2675 1385 2733 γει.
1403 2652 1525 2732 (11211)
1655 2685 1656 2742 3

322 2811 378 2825 ...
404 2759 502 2825 Ἴσιδι
524 2757 660 2842 Ὑγιείᾳ,
688 2778 794 2842 quam
816 2761 887 2825 iam
910 2761 1080 2843 Epidauri
1102 2761 1314 2826 invenimus

417 2873 567 2951 Νέμεσιςε
588 2869 645 2933 cui
661 2869 752 2934 deae
768 2871 814 2933 ab
831 2870 957 2934 eodem
974 2869 1164 2934 sacerdote
1181 2875 1255 2934 tres
1271 2869 1525 2951 inscriptiones

318 2977 509 3042 dedicatae
532 2981 627 3041 sunt:
658 2977 699 3041 39
720 2983 855 3042 Σωσίαν
877 2974 1039 3059 Εὐμένους
1058 2981 1189 3054 Οίναίος
1210 2975 1309 3062 ἱερεύς
1331 2975 1379 3042 ὥν
1402 2977 1524 3058 (11019)

316 3081 399 3170 arrio
427 3083 484 3150 τοῦ
514 3084 614 3169 δῆμον
629 3082 711 3150 ,τῶν
738 3083 939 3170 Ἀθηναίων
967 3089 1020 3149 καὶ
1052 3082 1136 3170 ὑπὲρ
1166 3087 1323 3170 βασιλέως
1343 3083 1525 3170 Νικομήδον

317 3190 477 3277 ἀνέθηκεν
498 3190 560 3258 νδν
581 3191 666 3259 ναὸν
687 3195 740 3258 καὶ
762 3191 800 3259 τό
825 3193 957 3277 ἄγαλμα
974 3193 1095 3270 Ἴσιδος
1113 3199 1344 3278 Νεμέσεως...
1366 3193 1409 3257 40
1430 3194 1524 3257 idem

315 3298 398 3387 ὑπὲρ
419 3298 478 3366 τοῦ
502 3299 603 3384 δῆμον
629 3299 693 3366 τοῖν
725 3299 926 3387 Ἀθηναίων
950 3306 1004 3366 καὶ
1031 3299 1059 3368 ὑ.
1082 3327 1109 3366 τ.
1133 3303 1161 3367 δ.
1183 3328 1210 3368 τ.
1238 3301 1410 3385 Ῥωμαίων
1431 3301 1526 3366 Ἴσιδι

315 3414 461 3492 Νεμέσει.
494 3410 536 3474 38
558 3409 654 3474 idem
674 3406 803 3495 ίερεύων
820 3409 918 3475 Ἴσιδι
933 3415 1077 3493 Νεμέσει.
1110 3411 1175 3475 ille
1191 3411 1299 3494 igitur
1314 3411 1529 3493 praesertim

315 3517 497 3583 Nemesim
525 3518 682 3596 colebat3
711 3518 841 3583 deinde
864 3516 1046 3600 Serapidis
1074 3520 1392 3584 sacerdos'i'actus
1419 3519 1529 3597 (vide-

315 3626 433 3690 bimus
456 3625 685 3690 sacerdotem
707 3645 779 3690 non
809 3644 855 3689 ex
879 3627 1074 3691 cultoribus
1105 3628 1259 3692 strenuis
1289 3629 1407 3692 creari
1438 3645 1527 3709 opus

314 3733 439 3814 fnisse)
473 3734 582 3797 etiam
615 3733 651 3796 in
685 3733 783 3798 cultu
819 3735 965 3798 deorum
993 3734 1252 3817 Aegyptiorum
1286 3754 1387 3800 suam
1422 3735 1528 3801 deam

316 3841 486 3906 venerari
506 3841 670 3922 volebat3
692 3841 814 3922 itaque
832 3843 865 3907 ei
888 3847 924 3907 et
940 3845 1113 3907 sacellum
1137 3849 1173 3907 et
1195 3847 1349 3907 statuam
1373 3843 1527 3908 dedicat.

316 3948 495 4013 Utebatur
528 3948 773 4030 fundamento,
807 3951 901 4032 quod
934 3951 1001 4014 Isis
1036 3969 1118 4016 cum
1146 3950 1291 4017 Nemesi
1325 3951 1528 4034 comparari

315 4060 467 4140 poterat.
513 4055 566 4120 Of.
588 4058 654 4138 Ap.
677 4065 760 4122 met.
784 4059 836 4122 XI
857 4060 887 4140 5,
917 4060 977 4123 ubi
998 4059 1111 4123 multa
1133 4060 1278 4124 nomina
1300 4060 1401 4141 deae,
1433 4078 1524 4143 quae

314 4170 418 4230 reete
444 4165 509 4228 lsis
543 4166 757 4246 nominatur,
791 4172 1056 4249 enumerantur,
1089 4167 1127 4232 in
1153 4169 1279 4250 quibus
1303 4170 1526 4236 Rhamnusia.

317 4271 495 4354 Smyrnae
512 4272 658 4356 Serapis
681 4272 795 4353 (OIG
815 4275 912 4354 31113)
937 4283 973 4339 et
988 4275 1055 4338 Isis
1078 4277 1254 4354 (nummus
1278 4276 1407 4341 dubiae
1423 4277 1528 4342 inter·

316 4382 543 4461 pretationis:
566 4381 601 4446 M
615 4380 664 4446 IV
678 4383 742 4447 214
772 4383 864 4462 1191)
889 4401 969 4448 eum
993 4384 1205 4448 Nemesibus
1229 4384 1412 4450 coniuncti
1435 4389 1525 4451 suut.
