3334 5358
812 512 1023 577 „20-

315 710 504 795 Βοοβάσιια
526 709 572 778 611
596 713 744 778 decreto
768 710 963 794 Canopico:
994 713 1079 778 Ditt.
1103 711 1163 777 ie
1185 712 1227 777 56
1248 733 1281 777 v.
1298 714 1352 778 37:
1384 763 1440 779 ...
1464 719 1523 782 τοῦ

314 823 421 888 Παϋνὶ
443 819 556 906 μηνός,
582 823 617 885 ἕν
639 820 663 908 ᾧ
685 825 738 885 καὶ
761 820 802 884 τά
824 819 919 907 μικρά
941 820 1130 902 Βουβάστια
1152 825 1205 885 καὶ
1228 821 1270 886 τά
1290 822 1417 904 μεγάλα
1439 832 1521 890 Bov-

312 929 432 1014 βάστια
455 931 566 1011 ἄγεται
676 931 809 994 mensis
834 931 947 1011 Payni
974 931 1192 1012 temporibus
1215 931 1357 996 Traiani
1385 934 1521 998 detine

314 1040 447 1105 mensis
464 1040 596 1122 Aprilis
619 1041 665 1104 ad
689 1042 795 1104 linem
810 1041 880 1104 Mai
903 1043 1074 1123 pertinet3
1097 1041 1165 1104 hoc
1190 1045 1244 1104 est
1259 1041 1355 1106 idem
1372 1048 1521 1125 tempus,

314 1167 381 1231 quo
415 1149 565 1214 Athenis
599 1149 814 1229 Thargelion
850 1153 913 1214 est.
969 1151 1092 1232 Neque
1131 1151 1264 1215 certius
1303 1153 1520 1218 concludere

313 1277 517 1341 possumus,
545 1259 713 1342 quoniam
736 1277 806 1322 non
831 1263 960 1323 exacte
989 1259 1126 1341 dicitur,
1155 1278 1224 1342 quo
1249 1260 1304 1324 dic
1327 1261 1519 1344 Hyampoli

314 1386 420 1433 sacra
452 1370 549 1432 fiant.
594 1369 679 1432 Isim
707 1386 787 1432 cum
817 1367 964 1431 Bubasti
999 1369 1228 1432 coniunctam
1256 1387 1337 1434 esse
1365 1371 1522 1436 ostendit

315 1477 407 1542 Ovid
442 1482 524 1540 met.
551 1477 602 1540 IX
625 1476 699 1558 690,
737 1477 797 1541 ubi
834 1477 1007 1559 gravidae
1045 1477 1382 1574 coniungi'pompa
1418 1480 1521 1545 Isidis
1641 1567 1643 1572 ,

313 1591 479 1669 apparet:
504 1609 578 1651 cum
595 1609 662 1670 qun
684 1587 830 1651 latrator
846 1585 975 1650 Anubis
993 1585 995 1592 '
1012 1595 1193 1670 salictaque
1209 1588 1370 1652 Bubastis
1392 1591 1521 1654 11111116-

313 1718 374 1779 ριιο
402 1697 566 1760 coloribus
589 1694 682 1779 Apis.
727 1694 768 1758 In
792 1695 890 1759 cultu
912 1695 1141 1776 reperiuntur
1167 1697 1383 1761 coniunctae
1406 1697 1521 1761 Rhodi

313 1803 461 1883 (Mitteil.
485 1805 565 1868 Ath.
589 1803 711 1868 XXIII
737 1803 812 1868 391:
851 1801 917 1891 ἱερὴ
941 1803 1044 1880 Ἴσιος
1069 1807 1122 1868 καὶ
1150 1803 1365 1887 Βουβάστιος)
1393 1805 1519 1872 Oedel-

312 1914 415 1995 burgi
437 1912 607 1994 (Pannon.
629 1932 704 1996 sup.
726 1911 820 1977 CIL
842 1913 892 1976 ΙΠ
911 1914 1007 1978 4234:
1032 1915 1117 1978 isidi
1132 1914 1216 1999 Aup.
1240 1923 1270 1979 et
1285 1916 1432 1980 Bubustz'
1448 1965 1454 1977 .
1473 1965 1479 1978 .
1497 1918 1518 1995 .)

313 2021 435 2087 Ostiae
458 2021 567 2102 (CIL
589 2021 672 2086 XIV
694 2023 775 2087 add.
797 2023 850 2087 21:
885 2024 970 2088 laidi
992 2025 1137 2089 Bubnsti
1163 2025 1278 2088 Vener.
1304 2026 1372 2104 ...)
1395 2025 1517 2105 itaque

312 2130 502 2213 Hyampoli
536 2149 675 2214 quoque
711 2132 827 2196 cultus
850 2130 1031 2213 Serapidis
1067 2137 1102 2196 et
1124 2132 1228 2196 Isidis
1264 2151 1344 2197 cum
1372 2133 1519 2198 Bubasti

312 2241 525 2306 coniunctus
549 2246 636 2306 erat.

410 2350 605 2414 Praeterea
620 2351 797 2414 nonnullis
822 2351 899 2414 aliis
922 2351 1012 2414 locis
1029 2351 1195 2414 Phocidis
1214 2351 1348 2414 cultum
1371 2351 1518 2414 deorum

311 2458 571 2541 Aegyptiorum
593 2459 771 2523 novimus:

410 2567 607 2632 Dauliae:
640 2568 691 2632 IX
713 2567 754 2632 66
789 2568 905 2650 (primi
927 2569 1082 2632 fortasse
1110 2586 1141 2633 a.
1165 2565 1244 2632 Chr.
1268 2587 1300 2631 n.
1325 2568 1434 2647 saec.)
1462 2572 1517 2631 est

310 2673 468 2753 ἀνάθεσις
495 2679 592 2742 servi
614 2677 799 2742 Minervae
828 2677 995 2754 dedicati,
1023 2677 1058 2740 in
1086 2695 1156 2760 qua
1183 2677 1326 2742 dieitur:
1359 2673 1396 2740 τό
1425 2673 1513 2741 ἄντί-

310 2810 435 2872 γραφον
461 2784 515 2870 τῆς
541 2784 718 2861 άναθέσιος
743 2783 834 2873 παρά
861 2783 922 2850 τόν
943 2783 1094 2872 Σάραπιν
1122 2783 1281 2865 (καὶτὸν)
1310 2783 1515 2869 ἶερπτεὺοντα

308 2894 353 2983 τῷ
375 2893 521 2983 Σαράπει
543 2897 578 2960 ἓν
599 2894 736 2976 Δαυλίᾳ.

410 3005 616 3086 Ambrysi:
655 3005 704 3068 lX
732 3005 769 3068 111
802 3006 845 3084 (z
871 3003 971 3069 ele
1004 3003 1110 3083 1729),
1145 3023 1251 3086 quam
1279 3003 1511 3070 Coll-Beoht.

310 3113 343 3177 Π
364 3114 442 3179 1519
463 3115 681 3196 temporibus
698 3115 953 3194 imperatorum
968 3114 1142 3177 attribuit:
1171 3111 1330 3190 Ἀλκαῖος
1343 3112 1516 3200 Λάμπραν

306 3219 523 3310 Ἀμφίδαμος
536 3222 667 3310 Σαράπι
684 3222 750 3288 Ἴσι
774 3220 917 3300 Ἀνούβι
938 3219 999 3287 τὸν
1022 3220 1178 3286 παστάδα
1195 3224 1247 3286 καὶ
1267 3219 1305 3287 τά
1331 3218 1514 3309 πρόπυλον.

410 3333 587 3414 Delphis
611 3334 726 3396 cultus
750 3351 821 3396 non
843 3332 917 3397 fuit.
949 3331 1073 3414 Neque
1098 3333 1192 3395 enim
1213 3331 1258 3396 ad
1273 3332 1368 3396 hanc
1391 3333 1514 3396 urbem

309 3445 452 3523 spectat
474 3442 563 3505 Plut.
587 3441 630 3505 de
653 3441 698 3504 Is.
721 3445 757 3506 et
778 3439 835 3506 Os.
857 3441 950 3506 {tblE
972 3442 1007 3504 et
1025 3440 1087 3504 364
1098 3441 1135 3523 E,
1159 3441 1219 3504 ubi
1241 3446 1366 3506 narrat
1381 3439 1511 3522 Oleam,

308 3551 366 3614 cui
398 3551 467 3616 hoc
502 3552 675 3632 scriptum
709 3550 867 3630 dedicet,
901 3550 986 3613 Isidi
1020 3551 1156 3614 servire
1191 3553 1300 3632 atque
1332 3550 1512 3632 mysteriis

309 3658 458 3724 Osiridis
481 3660 658 3724 initiatam
682 3677 774 3742 esse,
796 3659 910 3724 sole:
946 3657 996 3723 ὅτι
1024 3661 1084 3740 μὲν
1114 3656 1215 3724 οὖνὸ
1245 3655 1345 3734 αὐτός
1372 3659 1440 3723 ἐστι
1468 3657 1512 3745 τῷ

230 3756 236 3766 ’
306 3765 468 3856 Διονύσῳ,
501 3775 577 3834 τίνα
607 3766 734 3851 μάλλον
760 3767 778 3852 ἢ
800 3770 835 3832 σὲ
860 3767 1060 3848 γιγνώσκειν,
1093 3767 1120 3832 oi
1144 3769 1244 3845 Κλέα,
1278 3766 1316 3850 δὴ
1348 3766 1512 3856 προσῆκόν

306 3879 406 3954 ἐστιν,
439 3881 459 3956 t
486 3875 619 3964 άρχικλα
650 3879 711 3960 μὲν
739 3875 841 3942 οὖσαν
870 3879 904 3941 ἕν
930 3878 1070 3964 Δελφοῖς
1098 3881 1166 3944 τῶν
1193 3877 1352 3955 enaddan,
1385 3891 1452 3954 τοῖς
1477 3879 1511 3944 di

303 3985 501 4072 Ὀσιριακοῖς
526 3993 782 4074 καθωσιωμένην
809 3987 902 4075 ἱεροῖς
928 3986 997 4054 άπὸ
1025 3986 1150 4071 πατρὸς
1175 3990 1227 4051 καὶ
1253 3985 1380 4073 μητρός.
1425 3987 1511 4052 Olea

307 4098 414 4180 igitur
436 4098 616 4180 mysteriis
641 4097 811 4162 Osiriacis
834 4099 975 4163 initiata
998 4103 1061 4180 est,
1094 4117 1209 4180 neque
1238 4116 1325 4161 vero
1349 4097 1508 4179 Delphis.

307 4205 397 4269 Nam
418 4207 582 4270 videmus
605 4225 685 4270 eam
708 4207 856 4288 Delphis
883 4227 999 4290 neque
1026 4211 1147 4272 natam
1171 4225 1250 4271 esse
1273 4225 1391 4287 neque
1413 4207 1509 4270 hebi-

307 4320 400 4395 tare;
438 4313 587 4381 Osiridis
620 4317 727 4398 igitur
759 4317 953 4399 mysteriae
989 4317 1144 4381 sortasse
1178 4317 1213 4378 in
1249 4317 1367 4398 patria
1400 4315 1508 4380 Oleae

307 4425 459 4488 fuerunt.
515 4423 584 4489 Sed
618 4426 647 4488 61
681 4425 738 4488 cui
767 4426 893 4488 mirum
927 4429 982 4489 661
1013 4426 1242 4508 peregrinam
1274 4425 1509 4490 maenadibus
