<?xml version="1.0" encoding="UTF-8"?>
<!DOCTYPE html PUBLIC "-//W3C//DTD XHTML 1.0 Transitional//EN"
    "http://www.w3.org/TR/xhtml1/DTD/xhtml1-transitional.dtd">
<html xmlns="http://www.w3.org/1999/xhtml" xml:lang="en" lang="en">
 <head>
  <title>
</title>
<meta http-equiv="Content-Type" content="text/html;charset=utf-8" />
  <meta name='ocr-system' content='tesseract 3.04.00' />
  <meta name='ocr-capabilities' content='ocr_page ocr_carea ocr_par ocr_line ocrx_word'/>
</head>
<body>
  <div class='ocr_page' id='page_1' title='image "./deserapideetisi00ruscgoog_0049.png"; bbox 0 0 3334 5358; ppageno 0'>
   <div class='ocr_carea' id='block_1_1' title="bbox 834 483 1036 548">
    <p class='ocr_par' dir='ltr' id='par_1_1' title="bbox 834 483 1036 548">
     <span class='ocr_line' id='line_1_1' title="bbox 834 483 1036 548; baseline 0 -20"><span class='ocrx_word' id='word_1_1' title='bbox 834 483 1036 548; x_wconf 74' lang='grc'>,42-</span> 
     </span>
    </p>
   </div>
   <div class='ocr_carea' id='block_1_2' title="bbox 328 681 1541 1094">
    <p class='ocr_par' dir='ltr' id='par_1_2' title="bbox 328 681 1541 1094">
     <span class='ocr_line' id='line_1_2' title="bbox 331 681 1541 767; baseline 0.002 -19"><span class='ocrx_word' id='word_1_2' title='bbox 331 685 564 766; x_wconf 86' lang='lat' dir='ltr'>pastophorio</span> <span class='ocrx_word' id='word_1_3' title='bbox 588 684 696 749; x_wconf 85' lang='lat' dir='ltr'>etiam</span> <span class='ocrx_word' id='word_1_4' title='bbox 719 681 750 750; x_wconf 83' lang='grc' dir='ltr'><strong><em>οί</em></strong></span> <span class='ocrx_word' id='word_1_5' title='bbox 772 681 904 766; x_wconf 78' lang='grc' dir='ltr'><strong><em>κάτοχοι</em></strong></span> <span class='ocrx_word' id='word_1_6' title='bbox 930 687 1047 748; x_wconf 89' lang='lat' dir='ltr'>erant:</span> <span class='ocrx_word' id='word_1_7' title='bbox 1080 685 1303 767; x_wconf 85' lang='lat' dir='ltr'>Preuschen‚</span> <span class='ocrx_word' id='word_1_8' title='bbox 1331 686 1541 750; x_wconf 79' lang='lat' dir='ltr'>Mouchtum</span> 
     </span>
     <span class='ocr_line' id='line_1_3' title="bbox 329 792 1539 881; baseline 0.001 -23"><span class='ocrx_word' id='word_1_9' title='bbox 329 811 363 858; x_wconf 91' lang='lat' dir='ltr'>u.</span> <span class='ocrx_word' id='word_1_10' title='bbox 386 793 586 876; x_wconf 84' lang='lat' dir='ltr'>Serapisk.²</span> <span class='ocrx_word' id='word_1_11' title='bbox 610 795 657 859; x_wconf 90' lang='grc'>11.</span> <span class='ocrx_word' id='word_1_12' title='bbox 702 793 784 858; x_wconf 91' lang='lat' dir='ltr'>Una</span> <span class='ocrx_word' id='word_1_13' title='bbox 811 811 893 858; x_wconf 89' lang='lat' dir='ltr'>oum</span> <span class='ocrx_word' id='word_1_14' title='bbox 918 793 987 858; x_wconf 91' lang='lat' dir='ltr'>hoc</span> <span class='ocrx_word' id='word_1_15' title='bbox 1009 793 1241 876; x_wconf 88' lang='lat' dir='ltr'>pastophorio</span> <span class='ocrx_word' id='word_1_16' title='bbox 1264 792 1456 881; x_wconf 75' lang='grc' dir='ltr'><strong><em>χρήήστήριο]</em></strong></span> <span class='ocrx_word' id='word_1_17' title='bbox 1480 795 1539 859; x_wconf 89' lang='lat' dir='ltr'>de·</span> 
     </span>
     <span class='ocr_line' id='line_1_4' title="bbox 328 901 1539 984; baseline 0.001 -18"><span class='ocrx_word' id='word_1_18' title='bbox 328 901 510 983; x_wconf 89' lang='lat' dir='ltr'>dicantur;</span> <span class='ocrx_word' id='word_1_19' title='bbox 543 903 647 984; x_wconf 90' lang='lat' dir='ltr'>quod,</span> <span class='ocrx_word' id='word_1_20' title='bbox 678 902 832 967; x_wconf 84' lang='lat' dir='ltr'>sirecte</span> <span class='ocrx_word' id='word_1_21' title='bbox 855 902 1056 984; x_wconf 86' lang='lat' dir='ltr'>suppletum</span> <span class='ocrx_word' id='word_1_22' title='bbox 1080 906 1144 980; x_wconf 86' lang='lat' dir='ltr'>est,</span> <span class='ocrx_word' id='word_1_23' title='bbox 1175 903 1262 967; x_wconf 88' lang='lat' dir='ltr'>nihil</span> <span class='ocrx_word' id='word_1_24' title='bbox 1285 903 1331 968; x_wconf 90' lang='lat' dir='ltr'>ad</span> <span class='ocrx_word' id='word_1_25' title='bbox 1354 903 1539 968; x_wconf 87' lang='lat' dir='ltr'>oraculum</span> 
     </span>
     <span class='ocr_line' id='line_1_5' title="bbox 328 1009 1538 1094; baseline 0.001 -20"><span class='ocrx_word' id='word_1_26' title='bbox 328 1015 473 1091; x_wconf 88' lang='lat' dir='ltr'>spectat</span> <span class='ocrx_word' id='word_1_27' title='bbox 496 1010 561 1074; x_wconf 88' lang='lat' dir='ltr'>sed</span> <span class='ocrx_word' id='word_1_28' title='bbox 577 1015 632 1074; x_wconf 85' lang='lat' dir='ltr'>cst</span> <span class='ocrx_word' id='word_1_29' title='bbox 655 1011 853 1092; x_wconf 61' lang='lat' dir='ltr'>suppellex</span> <span class='ocrx_word' id='word_1_30' title='bbox 887 1009 965 1089; x_wconf 79' lang='lat' dir='ltr'>Quo</span> <span class='ocrx_word' id='word_1_31' title='bbox 988 1028 1083 1075; x_wconf 88' lang='lat' dir='ltr'>anno</span> <span class='ocrx_word' id='word_1_32' title='bbox 1098 1010 1247 1075; x_wconf 89' lang='lat' dir='ltr'>Romani</span> <span class='ocrx_word' id='word_1_33' title='bbox 1268 1011 1339 1075; x_wconf 93' lang='lat' dir='ltr'>hoc</span> <span class='ocrx_word' id='word_1_34' title='bbox 1359 1011 1538 1094; x_wconf 84' lang='lat' dir='ltr'>dedicent,</span> 
     </span>
    </p>
   </div>
   <div class='ocr_carea' id='block_1_3' title="bbox 329 1105 1648 1201">
    <p class='ocr_par' dir='ltr' id='par_1_3' title="bbox 329 1105 1648 1201">
     <span class='ocr_line' id='line_1_6' title="bbox 329 1105 1648 1201; baseline -0.002 -17"><span class='ocrx_word' id='word_1_35' title='bbox 329 1122 492 1201; x_wconf 87' lang='lat' dir='ltr'>apertum</span> <span class='ocrx_word' id='word_1_36' title='bbox 525 1118 565 1182; x_wconf 89' lang='lat' dir='ltr'>fit</span> <span class='ocrx_word' id='word_1_37' title='bbox 598 1137 644 1184; x_wconf 86' lang='lat' dir='ltr'>ex</span> <span class='ocrx_word' id='word_1_38' title='bbox 679 1119 794 1184; x_wconf 89' lang='lat' dir='ltr'>altero</span> <span class='ocrx_word' id='word_1_39' title='bbox 828 1119 943 1200; x_wconf 85' lang='lat' dir='ltr'>titulo,</span> <span class='ocrx_word' id='word_1_40' title='bbox 981 1119 1041 1201; x_wconf 91' lang='lat' dir='ltr'>qui</span> <span class='ocrx_word' id='word_1_41' title='bbox 1073 1119 1119 1183; x_wconf 91' lang='lat' dir='ltr'>ad</span> <span class='ocrx_word' id='word_1_42' title='bbox 1151 1119 1421 1201; x_wconf 88' lang='lat' dir='ltr'>pastophorium</span> <span class='ocrx_word' id='word_1_43' title='bbox 1457 1136 1538 1201; x_wconf 89' lang='lat' dir='ltr'>per·</span> <span class='ocrx_word' id='word_1_44' title='bbox 1573 1135 1576 1138; x_wconf 85' lang='lat'>·</span> <span class='ocrx_word' id='word_1_45' title='bbox 1647 1105 1648 1110; x_wconf 58' lang='grc'>’</span> 
     </span>
    </p>
   </div>
   <div class='ocr_carea' id='block_1_4' title="bbox 250 1224 1537 1315">
    <p class='ocr_par' dir='ltr' id='par_1_4' title="bbox 250 1224 1537 1315">
     <span class='ocr_line' id='line_1_7' title="bbox 250 1224 1537 1315; baseline 0.001 -25"><span class='ocrx_word' id='word_1_46' title='bbox 250 1310 253 1315; x_wconf 21' lang='lat'>¹</span> <span class='ocrx_word' id='word_1_47' title='bbox 327 1227 419 1291; x_wconf 83' lang='lat' dir='ltr'>tinet</span> <span class='ocrx_word' id='word_1_48' title='bbox 439 1227 498 1306; x_wconf 83' lang='lat'><strong>(4):</strong></span> <span class='ocrx_word' id='word_1_49' title='bbox 530 1224 693 1313; x_wconf 78' lang='grc' dir='ltr'><em>Θεόφιλος</em></span> <span class='ocrx_word' id='word_1_50' title='bbox 715 1229 881 1314; x_wconf 81' lang='grc' dir='ltr'><strong><em>Θεοφίλου</em></strong></span> <span class='ocrx_word' id='word_1_51' title='bbox 908 1225 1101 1310; x_wconf 80' lang='grc' dir='ltr'><strong><em>Ἀντιοχεύς</em></strong></span> <span class='ocrx_word' id='word_1_52' title='bbox 1125 1225 1350 1314; x_wconf 84' lang='grc' dir='ltr'><strong><em>μελανήφόρος</em></strong></span> <span class='ocrx_word' id='word_1_53' title='bbox 1372 1224 1431 1312; x_wconf 90' lang='grc' dir='ltr'>τήν</span> <span class='ocrx_word' id='word_1_54' title='bbox 1452 1233 1537 1294; x_wconf 91' lang='grc' dir='ltr'><strong><em>κονί-</em></strong></span> 
     </span>
    </p>
   </div>
   <div class='ocr_carea' id='block_1_5' title="bbox 327 1332 1649 1424">
    <p class='ocr_par' dir='ltr' id='par_1_5' title="bbox 327 1332 1649 1424">
     <span class='ocr_line' id='line_1_8' title="bbox 327 1332 1649 1424; baseline 0.001 -25"><span class='ocrx_word' id='word_1_55' title='bbox 327 1351 405 1400; x_wconf 89' lang='grc' dir='ltr'><strong><em>ασιν</em></strong></span> <span class='ocrx_word' id='word_1_56' title='bbox 432 1332 492 1400; x_wconf 79' lang='grc' dir='ltr'>τοῦ</span> <span class='ocrx_word' id='word_1_57' title='bbox 520 1341 744 1423; x_wconf 74' lang='grc' dir='ltr'><strong><em>παστοφορίου</em></strong></span> <span class='ocrx_word' id='word_1_58' title='bbox 772 1339 825 1400; x_wconf 81' lang='grc' dir='ltr'><strong><em>καὶ</em></strong></span> <span class='ocrx_word' id='word_1_59' title='bbox 854 1333 914 1419; x_wconf 83' lang='grc' dir='ltr'>τήν</span> <span class='ocrx_word' id='word_1_60' title='bbox 940 1333 1066 1424; x_wconf 77' lang='grc' dir='ltr'><strong><em>γραφήν</em></strong></span> <span class='ocrx_word' id='word_1_61' title='bbox 1089 1334 1160 1401; x_wconf 85' lang='grc' dir='ltr'><strong><em>τοῖν</em></strong></span> <span class='ocrx_word' id='word_1_62' title='bbox 1188 1362 1223 1400; x_wconf 85' lang='grc' dir='ltr'>τε</span> <span class='ocrx_word' id='word_1_63' title='bbox 1248 1343 1366 1419; x_wconf 79' lang='grc' dir='ltr'><strong><em>τοίχων</em></strong></span> <span class='ocrx_word' id='word_1_64' title='bbox 1396 1341 1450 1402; x_wconf 82' lang='grc' dir='ltr'><strong><em>καὶ</em></strong></span> <span class='ocrx_word' id='word_1_65' title='bbox 1483 1339 1538 1422; x_wconf 83' lang='grc' dir='ltr'>τής</span> <span class='ocrx_word' id='word_1_66' title='bbox 1648 1351 1649 1410; x_wconf 66' lang='grc'><strong>1</strong></span> 
     </span>
    </p>
   </div>
   <div class='ocr_carea' id='block_1_6' title="bbox 321 1439 1537 1853">
    <p class='ocr_par' dir='ltr' id='par_1_6' title="bbox 321 1439 1537 1853">
     <span class='ocr_line' id='line_1_9' title="bbox 328 1439 1537 1532; baseline 0.006 -28"><span class='ocrx_word' id='word_1_67' title='bbox 328 1440 449 1531; x_wconf 81' lang='grc' dir='ltr'><strong><em>δροφής</em></strong></span> <span class='ocrx_word' id='word_1_68' title='bbox 476 1446 529 1508; x_wconf 83' lang='grc' dir='ltr'><strong><em>καί</em></strong></span> <span class='ocrx_word' id='word_1_69' title='bbox 559 1439 618 1528; x_wconf 86' lang='grc' dir='ltr'>τήν</span> <span class='ocrx_word' id='word_1_70' title='bbox 646 1443 798 1524; x_wconf 78' lang='grc' dir='ltr'><strong><em>ἔγκαυσιν</em></strong></span> <span class='ocrx_word' id='word_1_71' title='bbox 825 1441 894 1510; x_wconf 89' lang='grc' dir='ltr'><strong><em>τοῖν</em></strong></span> <span class='ocrx_word' id='word_1_72' title='bbox 915 1442 1032 1531; x_wconf 66' lang='grc' dir='ltr'><strong><em>θυροῖν</em></strong></span> <span class='ocrx_word' id='word_1_73' title='bbox 1053 1449 1107 1510; x_wconf 81' lang='grc' dir='ltr'><strong><em>καί</em></strong></span> <span class='ocrx_word' id='word_1_74' title='bbox 1130 1444 1206 1522; x_wconf 85' lang='grc' dir='ltr'><strong><em>τούς</em></strong></span> <span class='ocrx_word' id='word_1_75' title='bbox 1226 1443 1441 1532; x_wconf 72' lang='grc' dir='ltr'><strong><em>προμάχθους</em></strong></span> <span class='ocrx_word' id='word_1_76' title='bbox 1461 1444 1537 1522; x_wconf 86' lang='grc' dir='ltr'><strong><em>τούς</em></strong></span> 
     </span>
     <span class='ocr_line' id='line_1_10' title="bbox 326 1550 1536 1640; baseline 0.002 -22"><span class='ocrx_word' id='word_1_77' title='bbox 326 1552 363 1618; x_wconf 77' lang='grc' dir='ltr'>δν</span> <span class='ocrx_word' id='word_1_78' title='bbox 395 1564 463 1629; x_wconf 86' lang='grc' dir='ltr'><strong><em>τοίς</em></strong></span> <span class='ocrx_word' id='word_1_79' title='bbox 493 1559 613 1635; x_wconf 79' lang='grc' dir='ltr'><strong><em>τοίχοις</em></strong></span> <span class='ocrx_word' id='word_1_80' title='bbox 642 1556 696 1618; x_wconf 79' lang='grc' dir='ltr'><strong><em>καί</em></strong></span> <span class='ocrx_word' id='word_1_81' title='bbox 728 1550 787 1630; x_wconf 86' lang='grc' dir='ltr'>τάς</span> <span class='ocrx_word' id='word_1_82' title='bbox 814 1551 869 1618; x_wconf 75' lang='grc' dir='ltr'>ὐπ’</span> <span class='ocrx_word' id='word_1_83' title='bbox 894 1551 1005 1630; x_wconf 76' lang='grc' dir='ltr'><strong><em>αὐτοῖς</em></strong></span> <span class='ocrx_word' id='word_1_84' title='bbox 1032 1555 1169 1630; x_wconf 82' lang='grc' dir='ltr'><strong><em>σανίδας</em></strong></span> <span class='ocrx_word' id='word_1_85' title='bbox 1190 1553 1351 1640; x_wconf 75' lang='grc' dir='ltr'><strong><em>ἀνέθηκεν</em></strong></span> <span class='ocrx_word' id='word_1_86' title='bbox 1371 1553 1536 1640; x_wconf 80' lang='grc' dir='ltr'><strong><em>Σαράπιδι</em></strong></span> 
     </span>
     <span class='ocr_line' id='line_1_11' title="bbox 321 1657 1535 1749; baseline 0.002 -23"><span class='ocrx_word' id='word_1_87' title='bbox 321 1659 421 1726; x_wconf 85' lang='grc' dir='ltr'><strong><em>Ἴσιδι</em></strong></span> <span class='ocrx_word' id='word_1_88' title='bbox 449 1657 626 1742; x_wconf 79' lang='grc' dir='ltr'><strong><em>’Λνούβιδι</em></strong></span> <span class='ocrx_word' id='word_1_89' title='bbox 655 1658 877 1748; x_wconf 70' lang='grc' dir='ltr'>ιΑρποχράτει</span> <span class='ocrx_word' id='word_1_90' title='bbox 905 1662 961 1726; x_wconf 73' lang='grc' dir='ltr'>ἐπὶ</span> <span class='ocrx_word' id='word_1_91' title='bbox 991 1661 1096 1745; x_wconf 74' lang='grc' dir='ltr'><strong><em>ἱερέως</em></strong></span> <span class='ocrx_word' id='word_1_92' title='bbox 1122 1659 1278 1729; x_wconf 76' lang='grc' dir='ltr'><strong><em>Σελεύκου</em></strong></span> <span class='ocrx_word' id='word_1_93' title='bbox 1310 1660 1368 1730; x_wconf 75' lang='grc' dir='ltr'>τοῦ</span> <span class='ocrx_word' id='word_1_94' title='bbox 1398 1662 1535 1749; x_wconf 81' lang='grc' dir='ltr'><strong><em>Ἀνδρο-</em></strong></span> 
     </span>
     <span class='ocr_line' id='line_1_12' title="bbox 327 1763 1536 1853; baseline 0.002 -19"><span class='ocrx_word' id='word_1_95' title='bbox 327 1775 417 1836; x_wconf 90' lang='grc' dir='ltr'><strong><em>νίκου</em></strong></span> <span class='ocrx_word' id='word_1_96' title='bbox 446 1763 663 1851; x_wconf 78' lang='grc' dir='ltr'><strong><em>Ῥαμνουσίου</em></strong></span> <span class='ocrx_word' id='word_1_97' title='bbox 697 1770 829 1849; x_wconf 70' lang='grc'>(11211).</span> <span class='ocrx_word' id='word_1_98' title='bbox 878 1769 1026 1834; x_wconf 73' lang='grc' dir='ltr'><strong><em>Βοιωτοί</em></strong></span> <span class='ocrx_word' id='word_1_99' title='bbox 1055 1772 1163 1853; x_wconf 82' lang='lat' dir='ltr'>igitur</span> <span class='ocrx_word' id='word_1_100' title='bbox 1189 1771 1398 1837; x_wconf 85' lang='lat' dir='ltr'>aedilicium¹</span> <span class='ocrx_word' id='word_1_101' title='bbox 1418 1773 1536 1853; x_wconf 92' lang='lat' dir='ltr'>ipsum</span> 
     </span>
    </p>
   </div>
   <div class='ocr_carea' id='block_1_7' title="bbox 327 1878 1651 1960">
    <p class='ocr_par' dir='ltr' id='par_1_7' title="bbox 327 1878 1651 1960">
     <span class='ocr_line' id='line_1_13' title="bbox 327 1878 1651 1960; baseline 0.002 -18"><span class='ocrx_word' id='word_1_102' title='bbox 327 1878 598 1953; x_wconf 80' lang='lat' dir='ltr'>dedicaverant,</span> <span class='ocrx_word' id='word_1_103' title='bbox 621 1879 899 1960; x_wconf 85' lang='lat' dir='ltr'>melanephorus</span> <span class='ocrx_word' id='word_1_104' title='bbox 923 1885 1088 1943; x_wconf 89' lang='lat' dir='ltr'>ornatum</span> <span class='ocrx_word' id='word_1_105' title='bbox 1108 1879 1219 1944; x_wconf 86' lang='lat' dir='ltr'>donat</span> <span class='ocrx_word' id='word_1_106' title='bbox 1242 1881 1276 1958; x_wconf 90' lang='lat' dir='ltr'>(i.</span> <span class='ocrx_word' id='word_1_107' title='bbox 1294 1898 1323 1942; x_wconf 85' lang='lat' dir='ltr'>e.</span> <span class='ocrx_word' id='word_1_108' title='bbox 1343 1881 1535 1944; x_wconf 87' lang='lat' dir='ltr'>tectorium</span> <span class='ocrx_word' id='word_1_109' title='bbox 1650 1879 1651 1882; x_wconf 72' lang='grc'>’</span> 
     </span>
    </p>
   </div>
   <div class='ocr_carea' id='block_1_8' title="bbox 327 1987 1532 2070">
    <p class='ocr_par' dir='ltr' id='par_1_8' title="bbox 327 1987 1532 2070">
     <span class='ocr_line' id='line_1_14' title="bbox 327 1987 1532 2070; baseline 0.001 -20"><span class='ocrx_word' id='word_1_110' title='bbox 327 1987 496 2065; x_wconf 87' lang='lat' dir='ltr'>aedificii)</span> <span class='ocrx_word' id='word_1_111' title='bbox 529 1987 723 2068; x_wconf 81' lang='lat' dir='ltr'><strong>picturam,</strong></span> <span class='ocrx_word' id='word_1_112' title='bbox 761 2004 853 2067; x_wconf 88' lang='lat' dir='ltr'>quac</span> <span class='ocrx_word' id='word_1_113' title='bbox 891 1990 946 2051; x_wconf 86' lang='lat' dir='ltr'>est</span> <span class='ocrx_word' id='word_1_114' title='bbox 982 1987 1018 2051; x_wconf 89' lang='lat' dir='ltr'>in</span> <span class='ocrx_word' id='word_1_115' title='bbox 1053 1987 1249 2070; x_wconf 85' lang='lat' dir='ltr'>parietibus</span> <span class='ocrx_word' id='word_1_116' title='bbox 1288 1991 1324 2052; x_wconf 83' lang='lat' dir='ltr'>et</span> <span class='ocrx_word' id='word_1_117' title='bbox 1359 1988 1532 2069; x_wconf 82' lang='lat' dir='ltr'>lacunari,</span> 
     </span>
    </p>
   </div>
   <div class='ocr_carea' id='block_1_9' title="bbox 326 2095 1652 2184">
    <p class='ocr_par' dir='ltr' id='par_1_9' title="bbox 326 2095 1652 2184">
     <span class='ocr_line' id='line_1_15' title="bbox 326 2095 1652 2184; baseline 0.002 -26"><span class='ocrx_word' id='word_1_118' title='bbox 326 2095 504 2176; x_wconf 84' lang='lat' dir='ltr'>picturam</span> <span class='ocrx_word' id='word_1_119' title='bbox 525 2096 640 2160; x_wconf 90' lang='lat' dir='ltr'>ianuis</span> <span class='ocrx_word' id='word_1_120' title='bbox 655 2096 812 2159; x_wconf 86' lang='lat' dir='ltr'>inustam</span> <span class='ocrx_word' id='word_1_121' title='bbox 833 2097 987 2160; x_wconf 91' lang='lat' dir='ltr'>mutulos</span> <span class='ocrx_word' id='word_1_122' title='bbox 1003 2101 1039 2159; x_wconf 88' lang='lat' dir='ltr'>et</span> <span class='ocrx_word' id='word_1_123' title='bbox 1056 2096 1196 2159; x_wconf 87' lang='lat' dir='ltr'>tabulas</span> <span class='ocrx_word' id='word_1_124' title='bbox 1220 2096 1322 2177; x_wconf 88' lang='lat' dir='ltr'>(quas</span> <span class='ocrx_word' id='word_1_125' title='bbox 1338 2096 1375 2159; x_wconf 93' lang='lat' dir='ltr'>in</span> <span class='ocrx_word' id='word_1_126' title='bbox 1389 2096 1533 2160; x_wconf 84' lang='lat' dir='ltr'>mutulis</span> <span class='ocrx_word' id='word_1_127' title='bbox 1651 2179 1652 2184; x_wconf 5' lang='grc' dir='ltr'>ἵ</span> 
     </span>
    </p>
   </div>
   <div class='ocr_carea' id='block_1_10' title="bbox 325 2202 1012 2283">
    <p class='ocr_par' dir='ltr' id='par_1_10' title="bbox 325 2202 1012 2283">
     <span class='ocr_line' id='line_1_16' title="bbox 325 2202 1012 2283; baseline 0 -15"><span class='ocrx_word' id='word_1_128' title='bbox 325 2202 437 2268; x_wconf 78' lang='lat' dir='ltr'>fuisse</span> <span class='ocrx_word' id='word_1_129' title='bbox 460 2205 569 2268; x_wconf 88' lang='lat' dir='ltr'>etiam</span> <span class='ocrx_word' id='word_1_130' title='bbox 592 2203 719 2269; x_wconf 87' lang='lat' dir='ltr'>Vitruv</span> <span class='ocrx_word' id='word_1_131' title='bbox 740 2204 789 2268; x_wconf 94' lang='lat' dir='ltr'>IV</span> <span class='ocrx_word' id='word_1_132' title='bbox 808 2205 838 2283; x_wconf 88' lang='grc'>2,</span> <span class='ocrx_word' id='word_1_133' title='bbox 858 2205 878 2268; x_wconf 86' lang='grc'><strong>3</strong></span> <span class='ocrx_word' id='word_1_134' title='bbox 901 2205 1012 2283; x_wconf 81' lang='lat' dir='ltr'>dicit).</span> 
     </span>
    </p>
   </div>
   <div class='ocr_carea' id='block_1_11' title="bbox 426 2313 1653 2395">
    <p class='ocr_par' dir='ltr' id='par_1_11' title="bbox 426 2313 1653 2395">
     <span class='ocr_line' id='line_1_17' title="bbox 426 2313 1653 2395; baseline 0.002 -19"><span class='ocrx_word' id='word_1_135' title='bbox 426 2313 504 2377; x_wconf 90' lang='lat' dir='ltr'>Alio</span> <span class='ocrx_word' id='word_1_136' title='bbox 528 2331 668 2395; x_wconf 89' lang='lat' dir='ltr'>quoque</span> <span class='ocrx_word' id='word_1_137' title='bbox 692 2313 872 2377; x_wconf 90' lang='lat' dir='ltr'>communi</span> <span class='ocrx_word' id='word_1_138' title='bbox 893 2313 1036 2378; x_wconf 85' lang='lat' dir='ltr'>nomine</span> <span class='ocrx_word' id='word_1_139' title='bbox 1059 2313 1110 2376; x_wconf 90' lang='lat' dir='ltr'>illi</span> <span class='ocrx_word' id='word_1_140' title='bbox 1133 2313 1167 2377; x_wconf 93' lang='lat' dir='ltr'>di</span> <span class='ocrx_word' id='word_1_141' title='bbox 1193 2319 1341 2378; x_wconf 88' lang='lat' dir='ltr'>utuntur</span> <span class='ocrx_word' id='word_1_142' title='bbox 1362 2314 1422 2393; x_wconf 87' lang='lat'>(5):</span> <span class='ocrx_word' id='word_1_143' title='bbox 1457 2317 1532 2378; x_wconf 75' lang='grc' dir='ltr'><strong><em>θεοὶ</em></strong></span> <span class='ocrx_word' id='word_1_144' title='bbox 1652 2362 1653 2368; x_wconf 34' lang='lat'>1</span> 
     </span>
    </p>
   </div>
   <div class='ocr_carea' id='block_1_12' title="bbox 322 2419 1573 3372">
    <p class='ocr_par' dir='ltr' id='par_1_12' title="bbox 324 2419 1532 2704">
     <span class='ocr_line' id='line_1_18' title="bbox 324 2419 1532 2505; baseline -0.001 -19"><span class='ocrx_word' id='word_1_145' title='bbox 324 2419 466 2505; x_wconf 76' lang='grc' dir='ltr'><strong><em>ἐπήκοοι,</em></strong></span> <span class='ocrx_word' id='word_1_146' title='bbox 490 2422 525 2486; x_wconf 93' lang='lat' dir='ltr'>di</span> <span class='ocrx_word' id='word_1_147' title='bbox 545 2422 791 2502; x_wconf 66' lang='lat' dir='ltr'>exaudientes</span> <span class='ocrx_word' id='word_1_148' title='bbox 814 2422 908 2503; x_wconf 90' lang='lat' dir='ltr'>quod</span> <span class='ocrx_word' id='word_1_149' title='bbox 930 2440 1040 2504; x_wconf 87' lang='lat' dir='ltr'>saepe</span> <span class='ocrx_word' id='word_1_150' title='bbox 1064 2422 1118 2485; x_wconf 92' lang='lat' dir='ltr'>dis</span> <span class='ocrx_word' id='word_1_151' title='bbox 1143 2423 1256 2486; x_wconf 85' lang='lat' dir='ltr'>datur.</span> <span class='ocrx_word' id='word_1_152' title='bbox 1294 2422 1341 2486; x_wconf 92' lang='lat' dir='ltr'>Di</span> <span class='ocrx_word' id='word_1_153' title='bbox 1364 2422 1532 2504; x_wconf 81' lang='lat' dir='ltr'>Aegyptii</span> 
     </span>
     <span class='ocr_line' id='line_1_19' title="bbox 324 2528 1532 2611; baseline 0.001 -17"><span class='ocrx_word' id='word_1_154' title='bbox 324 2530 376 2594; x_wconf 85' lang='lat' dir='ltr'>ita</span> <span class='ocrx_word' id='word_1_155' title='bbox 394 2531 636 2594; x_wconf 85' lang='lat' dir='ltr'>nominantur:</span> <span class='ocrx_word' id='word_1_156' title='bbox 659 2530 727 2594; x_wconf 89' lang='lat' dir='ltr'>Isis</span> <span class='ocrx_word' id='word_1_157' title='bbox 746 2530 829 2594; x_wconf 86' lang='lat' dir='ltr'>Deli</span> <span class='ocrx_word' id='word_1_158' title='bbox 849 2529 889 2608; x_wconf 83' lang='lat' dir='ltr'>(C</span> <span class='ocrx_word' id='word_1_159' title='bbox 902 2529 961 2594; x_wconf 84' lang='lat' dir='ltr'>IG</span> <span class='ocrx_word' id='word_1_160' title='bbox 983 2530 1090 2611; x_wconf 81' lang='lat'>2300),</span> <span class='ocrx_word' id='word_1_161' title='bbox 1113 2530 1247 2594; x_wconf 88' lang='lat' dir='ltr'>Romae</span> <span class='ocrx_word' id='word_1_162' title='bbox 1271 2528 1370 2595; x_wconf 85' lang='lat' dir='ltr'>OIG</span> <span class='ocrx_word' id='word_1_163' title='bbox 1389 2530 1473 2596; x_wconf 77' lang='lat'>6005</span> <span class='ocrx_word' id='word_1_164' title='bbox 1497 2535 1532 2595; x_wconf 86' lang='lat' dir='ltr'>et</span> 
     </span>
     <span class='ocr_line' id='line_1_20' title="bbox 325 2638 932 2704; baseline -0.002 -2"><span class='ocrx_word' id='word_1_165' title='bbox 325 2638 410 2702; x_wconf 90' lang='lat' dir='ltr'>XIV</span> <span class='ocrx_word' id='word_1_166' title='bbox 429 2638 521 2703; x_wconf 77' lang='lat'>1027:</span> <span class='ocrx_word' id='word_1_167' title='bbox 552 2660 651 2704; x_wconf 86' lang='grc' dir='ltr'><strong><em>ονοοι</em></strong></span> <span class='ocrx_word' id='word_1_168' title='bbox 674 2640 740 2704; x_wconf 76' lang='lat' dir='ltr'>Iris</span> <span class='ocrx_word' id='word_1_169' title='bbox 763 2647 932 2703; x_wconf 78' lang='grc' dir='ltr'><strong><em>οοοονοίοο.</em></strong></span> 
     </span>
    </p>

    <p class='ocr_par' dir='ltr' id='par_1_13' title="bbox 322 2744 1573 3372">
     <span class='ocr_line' id='line_1_21' title="bbox 427 2744 1528 2829; baseline 0.001 -18"><span class='ocrx_word' id='word_1_170' title='bbox 427 2745 634 2829; x_wconf 85' lang='lat' dir='ltr'>Cognomen</span> <span class='ocrx_word' id='word_1_171' title='bbox 681 2744 817 2812; x_wconf 86' lang='grc' dir='ltr'><strong><em>σάννοιοι</em></strong></span> <span class='ocrx_word' id='word_1_172' title='bbox 865 2751 985 2811; x_wconf 86' lang='lat' dir='ltr'>autem</span> <span class='ocrx_word' id='word_1_173' title='bbox 1033 2748 1142 2811; x_wconf 87' lang='lat' dir='ltr'>etiam</span> <span class='ocrx_word' id='word_1_174' title='bbox 1189 2747 1269 2812; x_wconf 90' lang='lat' dir='ltr'>aliis</span> <span class='ocrx_word' id='word_1_175' title='bbox 1314 2748 1367 2812; x_wconf 92' lang='lat' dir='ltr'>dis</span> <span class='ocrx_word' id='word_1_176' title='bbox 1411 2748 1528 2813; x_wconf 84' lang='lat' dir='ltr'>datur:</span> 
     </span>
     <span class='ocr_line' id='line_1_22' title="bbox 325 2852 1530 2940; baseline 0.002 -22"><span class='ocrx_word' id='word_1_177' title='bbox 325 2853 392 2935; x_wconf 80' lang='grc'>(26)</span> <span class='ocrx_word' id='word_1_178' title='bbox 426 2852 562 2939; x_wconf 88' lang='grc' dir='ltr'><strong><em>Προῖτος</em></strong></span> <span class='ocrx_word' id='word_1_179' title='bbox 589 2859 767 2931; x_wconf 76' lang='grc' dir='ltr'><strong><em>Πυθίωνος</em></strong></span> <span class='ocrx_word' id='word_1_180' title='bbox 792 2853 894 2931; x_wconf 83' lang='grc' dir='ltr'><strong><em>Κοῖιος</em></strong></span> <span class='ocrx_word' id='word_1_181' title='bbox 925 2857 1045 2930; x_wconf 71' lang='grc' dir='ltr'><strong><em>σωθείς</em></strong></span> <span class='ocrx_word' id='word_1_182' title='bbox 1073 2856 1107 2920; x_wconf 77' lang='grc' dir='ltr'><strong><em>ἐκ</em></strong></span> <span class='ocrx_word' id='word_1_183' title='bbox 1133 2853 1271 2921; x_wconf 86' lang='grc' dir='ltr'><strong><em>πολλοῖν</em></strong></span> <span class='ocrx_word' id='word_1_184' title='bbox 1299 2859 1353 2920; x_wconf 81' lang='grc' dir='ltr'><strong><em>καὶ</em></strong></span> <span class='ocrx_word' id='word_1_185' title='bbox 1380 2854 1530 2940; x_wconf 76' lang='grc' dir='ltr'><strong><em>μεγάλων</em></strong></span> 
     </span>
     <span class='ocr_line' id='line_1_23' title="bbox 323 2961 1527 3050; baseline 0.001 -22"><span class='ocrx_word' id='word_1_186' title='bbox 323 2961 481 3029; x_wconf 77' lang='grc' dir='ltr'><strong><em>κινδύνων</em></strong></span> <span class='ocrx_word' id='word_1_187' title='bbox 502 2961 650 3050; x_wconf 85' lang='grc' dir='ltr'><strong><em>Σαράπει</em></strong></span> <span class='ocrx_word' id='word_1_188' title='bbox 674 2963 756 3029; x_wconf 89' lang='grc' dir='ltr'><strong><em>Ἴσει</em></strong></span> <span class='ocrx_word' id='word_1_189' title='bbox 783 2961 942 3044; x_wconf 78' lang='grc' dir='ltr'><strong><em>Ἀνούβει</em></strong></span> <span class='ocrx_word' id='word_1_190' title='bbox 968 2961 1166 3030; x_wconf 79' lang='grc' dir='ltr'><strong><em>Ἀπόλλωνι</em></strong></span> <span class='ocrx_word' id='word_1_191' title='bbox 1187 2969 1279 3040; x_wconf 74' lang='grc' dir='ltr'><strong><em>θοοῖς</em></strong></span> <span class='ocrx_word' id='word_1_192' title='bbox 1300 2962 1452 3040; x_wconf 84' lang='grc' dir='ltr'><strong><em>συννάοις</em></strong></span> <span class='ocrx_word' id='word_1_193' title='bbox 1472 3013 1480 3029; x_wconf 92' lang='grc'><strong>.</strong></span> <span class='ocrx_word' id='word_1_194' title='bbox 1497 3015 1527 3029; x_wconf 93' lang='grc'>..</span> 
     </span>
     <span class='ocr_line' id='line_1_24' title="bbox 323 3071 1573 3159; baseline 0.002 -23"><span class='ocrx_word' id='word_1_195' title='bbox 323 3071 532 3159; x_wconf 83' lang='grc' dir='ltr'><strong><em>χαριστήριον.</em></strong></span> <span class='ocrx_word' id='word_1_196' title='bbox 564 3073 610 3137; x_wconf 93' lang='lat' dir='ltr'>Di</span> <span class='ocrx_word' id='word_1_197' title='bbox 634 3074 747 3138; x_wconf 86' lang='lat' dir='ltr'>ceteri</span> <span class='ocrx_word' id='word_1_198' title='bbox 769 3073 877 3137; x_wconf 90' lang='lat' dir='ltr'>iidem</span> <span class='ocrx_word' id='word_1_199' title='bbox 899 3077 991 3154; x_wconf 90' lang='lat' dir='ltr'>sunt,</span> <span class='ocrx_word' id='word_1_200' title='bbox 1013 3073 1139 3154; x_wconf 86' lang='lat' dir='ltr'>Apollo</span> <span class='ocrx_word' id='word_1_201' title='bbox 1161 3073 1270 3154; x_wconf 85' lang='lat' dir='ltr'>igitur</span> <span class='ocrx_word' id='word_1_202' title='bbox 1283 3073 1527 3156; x_wconf 74' lang='lat' dir='ltr'>Harpocraten</span> <span class='ocrx_word' id='word_1_203' title='bbox 1571 3106 1573 3113; x_wconf 95' lang='lat'>·</span> 
     </span>
     <span class='ocr_line' id='line_1_25' title="bbox 324 3179 1526 3264; baseline -0.002 -18"><span class='ocrx_word' id='word_1_204' title='bbox 324 3184 389 3260; x_wconf 89' lang='lat' dir='ltr'>est,</span> <span class='ocrx_word' id='word_1_205' title='bbox 412 3199 517 3264; x_wconf 90' lang='lat' dir='ltr'>quern</span> <span class='ocrx_word' id='word_1_206' title='bbox 533 3199 614 3246; x_wconf 91' lang='lat' dir='ltr'>cum</span> <span class='ocrx_word' id='word_1_207' title='bbox 629 3181 794 3264; x_wconf 88' lang='lat' dir='ltr'>Apolline</span> <span class='ocrx_word' id='word_1_208' title='bbox 818 3183 1065 3262; x_wconf 87' lang='lat' dir='ltr'>comparatum</span> <span class='ocrx_word' id='word_1_209' title='bbox 1086 3181 1158 3244; x_wconf 87' lang='lat' dir='ltr'>iam</span> <span class='ocrx_word' id='word_1_210' title='bbox 1172 3179 1343 3261; x_wconf 87' lang='lat' dir='ltr'>Epidauri</span> <span class='ocrx_word' id='word_1_211' title='bbox 1361 3180 1526 3259; x_wconf 79' lang='lat' dir='ltr'>vidimus;</span> 
     </span>
     <span class='ocr_line' id='line_1_26' title="bbox 322 3287 1527 3372; baseline -0.003 -18"><span class='ocrx_word' id='word_1_212' title='bbox 322 3290 360 3354; x_wconf 91' lang='lat' dir='ltr'>in</span> <span class='ocrx_word' id='word_1_213' title='bbox 382 3289 510 3354; x_wconf 90' lang='lat' dir='ltr'>litteris</span> <span class='ocrx_word' id='word_1_214' title='bbox 534 3308 677 3372; x_wconf 87' lang='lat' dir='ltr'>semper</span> <span class='ocrx_word' id='word_1_215' title='bbox 699 3291 826 3372; x_wconf 88' lang='lat' dir='ltr'>Apollo</span> <span class='ocrx_word' id='word_1_216' title='bbox 848 3292 928 3353; x_wconf 88' lang='lat' dir='ltr'>loco</span> <span class='ocrx_word' id='word_1_217' title='bbox 951 3287 1039 3352; x_wconf 91' lang='lat' dir='ltr'>Hori</span> <span class='ocrx_word' id='word_1_218' title='bbox 1060 3288 1205 3369; x_wconf 90' lang='lat' dir='ltr'>ponitur</span> <span class='ocrx_word' id='word_1_219' title='bbox 1227 3293 1334 3370; x_wconf 90' lang='lat' dir='ltr'>atque</span> <span class='ocrx_word' id='word_1_220' title='bbox 1361 3289 1471 3352; x_wconf 84' lang='lat' dir='ltr'>etiam</span> <span class='ocrx_word' id='word_1_221' title='bbox 1492 3288 1527 3352; x_wconf 92' lang='lat' dir='ltr'>in</span> 
     </span>
    </p>
   </div>
   <div class='ocr_carea' id='block_1_13' title="bbox 223 3395 1527 3480">
    <p class='ocr_par' dir='ltr' id='par_1_14' title="bbox 223 3395 1527 3480">
     <span class='ocr_line' id='line_1_27' title="bbox 223 3395 1527 3480; baseline -0.002 -18"><span class='ocrx_word' id='word_1_222' title='bbox 223 3415 225 3418; x_wconf 83' lang='lat'>·</span> <span class='ocrx_word' id='word_1_223' title='bbox 323 3398 422 3462; x_wconf 89' lang='lat' dir='ltr'>cultu</span> <span class='ocrx_word' id='word_1_224' title='bbox 438 3399 715 3480; x_wconf 83' lang='lat' dir='ltr'>coniunguntur:</span> <span class='ocrx_word' id='word_1_225' title='bbox 738 3399 820 3464; x_wconf 91' lang='lat' dir='ltr'>Deli</span> <span class='ocrx_word' id='word_1_226' title='bbox 835 3399 951 3463; x_wconf 88' lang='lat' dir='ltr'>altera</span> <span class='ocrx_word' id='word_1_227' title='bbox 972 3399 1009 3462; x_wconf 90' lang='lat' dir='ltr'>in</span> <span class='ocrx_word' id='word_1_228' title='bbox 1024 3397 1258 3479; x_wconf 86' lang='lat' dir='ltr'>inscriptione</span> <span class='ocrx_word' id='word_1_229' title='bbox 1279 3397 1365 3460; x_wconf 87' lang='lat' dir='ltr'>Ditt.</span> <span class='ocrx_word' id='word_1_230' title='bbox 1388 3396 1405 3459; x_wconf 94' lang='grc' dir='ltr'>Ι</span> <span class='ocrx_word' id='word_1_231' title='bbox 1417 3395 1445 3459; x_wconf 82' lang='lat' dir='ltr'>G</span> <span class='ocrx_word' id='word_1_232' title='bbox 1467 3396 1527 3460; x_wconf 79' lang='lat'>764</span> 
     </span>
    </p>
   </div>
   <div class='ocr_carea' id='block_1_14' title="bbox 317 3503 1528 4460">
    <p class='ocr_par' dir='ltr' id='par_1_15' title="bbox 317 3503 1528 4460">
     <span class='ocr_line' id='line_1_28' title="bbox 317 3503 1528 3594; baseline -0.003 -22"><span class='ocrx_word' id='word_1_233' title='bbox 317 3505 419 3586; x_wconf 88' lang='grc' dir='ltr'><strong><em>Ἴσιδι</em></strong></span> <span class='ocrx_word' id='word_1_234' title='bbox 458 3512 601 3593; x_wconf 81' lang='grc' dir='ltr'><strong><em>Σωτείρᾳ</em></strong></span> <span class='ocrx_word' id='word_1_235' title='bbox 631 3504 811 3594; x_wconf 80' lang='grc' dir='ltr'><strong><em>Ἀστάρτει</em></strong></span> <span class='ocrx_word' id='word_1_236' title='bbox 844 3503 1037 3594; x_wconf 81' lang='grc' dir='ltr'><strong><em>Ἀφροδίτει</em></strong></span> <span class='ocrx_word' id='word_1_237' title='bbox 1076 3508 1129 3570; x_wconf 84' lang='grc' dir='ltr'><strong><em>καὶ</em></strong></span> <span class='ocrx_word' id='word_1_238' title='bbox 1165 3504 1279 3588; x_wconf 87' lang='grc' dir='ltr'><strong><em>Ἔρωτι</em></strong></span> <span class='ocrx_word' id='word_1_239' title='bbox 1311 3503 1528 3592; x_wconf 63' lang='grc' dir='ltr'><strong><em>Ἅρφοκροίτει</em></strong></span> 
     </span>
     <span class='ocr_line' id='line_1_29' title="bbox 331 3611 1527 3698; baseline -0.003 -16"><span class='ocrx_word' id='word_1_240' title='bbox 331 3613 518 3682; x_wconf 83' lang='grc' dir='ltr'><strong><em>Λπόλλωνι</em></strong></span> <span class='ocrx_word' id='word_1_241' title='bbox 540 3663 548 3680; x_wconf 91' lang='grc'><strong>.</strong></span> <span class='ocrx_word' id='word_1_242' title='bbox 570 3663 605 3680; x_wconf 92' lang='grc'>..</span> <span class='ocrx_word' id='word_1_243' title='bbox 642 3616 795 3697; x_wconf 84' lang='lat' dir='ltr'>Neapoli</span> <span class='ocrx_word' id='word_1_244' title='bbox 823 3613 921 3680; x_wconf 84' lang='lat' dir='ltr'>OIG</span> <span class='ocrx_word' id='word_1_245' title='bbox 948 3613 1031 3680; x_wconf 83' lang='lat'>5793</span> <span class='ocrx_word' id='word_1_246' title='bbox 1061 3613 1161 3679; x_wconf 85' lang='grc' dir='ltr'><strong><em>Ἴσιδι</em></strong></span> <span class='ocrx_word' id='word_1_247' title='bbox 1189 3611 1399 3680; x_wconf 74' lang='grc' dir='ltr'><strong><em>Ἀπόλλωνα</em></strong></span> <span class='ocrx_word' id='word_1_248' title='bbox 1426 3611 1527 3698; x_wconf 82' lang='grc' dir='ltr'><strong><em>Ὧρον</em></strong></span> 
     </span>
     <span class='ocr_line' id='line_1_30' title="bbox 318 3720 1526 3810; baseline -0.004 -20"><span class='ocrx_word' id='word_1_249' title='bbox 318 3720 558 3810; x_wconf 67' lang='grc' dir='ltr'><strong><em>Ἁρποκράτην.</em></strong></span> <span class='ocrx_word' id='word_1_250' title='bbox 602 3724 644 3788; x_wconf 92' lang='lat' dir='ltr'>In</span> <span class='ocrx_word' id='word_1_251' title='bbox 677 3723 843 3807; x_wconf 87' lang='lat' dir='ltr'>Aegypto</span> <span class='ocrx_word' id='word_1_252' title='bbox 877 3721 972 3787; x_wconf 82' lang='lat' dir='ltr'>CIG</span> <span class='ocrx_word' id='word_1_253' title='bbox 1003 3722 1087 3788; x_wconf 81' lang='lat'>4839</span> <span class='ocrx_word' id='word_1_254' title='bbox 1121 3721 1287 3799; x_wconf 77' lang='lat'>(252-68</span> <span class='ocrx_word' id='word_1_255' title='bbox 1320 3740 1354 3803; x_wconf 87' lang='lat' dir='ltr'>p.</span> <span class='ocrx_word' id='word_1_256' title='bbox 1377 3720 1459 3786; x_wconf 83' lang='lat' dir='ltr'>Chr.</span> <span class='ocrx_word' id='word_1_257' title='bbox 1482 3724 1526 3802; x_wconf 87' lang='lat' dir='ltr'>n.)</span> 
     </span>
     <span class='ocr_line' id='line_1_31' title="bbox 406 3827 1526 3922; baseline -0.004 -25.349"><span class='ocrx_word' id='word_1_258' title='bbox 406 3829 634 3916; x_wconf 78' lang='grc' dir='ltr'><strong><em>εὐχαριστήσας</em></strong></span> <span class='ocrx_word' id='word_1_259' title='bbox 665 3835 709 3916; x_wconf 82' lang='grc' dir='ltr'>τῷ</span> <span class='ocrx_word' id='word_1_260' title='bbox 734 3829 919 3914; x_wconf 80' lang='grc' dir='ltr'><strong><em>[Σαράπιδι]</em></strong></span> <span class='ocrx_word' id='word_1_261' title='bbox 948 3833 1002 3895; x_wconf 86' lang='grc' dir='ltr'><strong><em>καὶ</em></strong></span> <span class='ocrx_word' id='word_1_262' title='bbox 1030 3827 1068 3922; x_wconf 66' lang='grc' dir='ltr'>τῇ</span> <span class='ocrx_word' id='word_1_263' title='bbox 1095 3829 1194 3896; x_wconf 89' lang='grc' dir='ltr'><strong><em>Ἴσιδι</em></strong></span> <span class='ocrx_word' id='word_1_264' title='bbox 1214 3832 1268 3895; x_wconf 84' lang='grc' dir='ltr'><strong><em>καὶ</em></strong></span> <span class='ocrx_word' id='word_1_265' title='bbox 1289 3827 1334 3916; x_wconf 84' lang='grc' dir='ltr'><strong><em>τῷ</em></strong></span> <span class='ocrx_word' id='word_1_266' title='bbox 1361 3827 1526 3915; x_wconf 73' lang='grc' dir='ltr'><strong><em>’Λπόλλῳ</em></strong></span> 
     </span>
     <span class='ocr_line' id='line_1_32' title="bbox 320 3936 1525 4020; baseline -0.004 -13"><span class='ocrx_word' id='word_1_267' title='bbox 320 3944 375 4007; x_wconf 82' lang='grc' dir='ltr'><strong><em>καὶ</em></strong></span> <span class='ocrx_word' id='word_1_268' title='bbox 396 3953 463 4017; x_wconf 78' lang='grc' dir='ltr'><strong><em>τοῖς</em></strong></span> <span class='ocrx_word' id='word_1_269' title='bbox 484 3937 637 4016; x_wconf 87' lang='grc' dir='ltr'><strong><em>συννάοις</em></strong></span> <span class='ocrx_word' id='word_1_270' title='bbox 658 3945 751 4016; x_wconf 73' lang='grc' dir='ltr'><strong><em>θεοῖς</em></strong></span> <span class='ocrx_word' id='word_1_271' title='bbox 771 3938 856 4006; x_wconf 85' lang='grc' dir='ltr'><strong><em>πάσι</em></strong></span> <span class='ocrx_word' id='word_1_272' title='bbox 878 3988 934 4004; x_wconf 94' lang='grc'>...</span> <span class='ocrx_word' id='word_1_273' title='bbox 967 3939 1014 4004; x_wconf 90' lang='lat' dir='ltr'>Di</span> <span class='ocrx_word' id='word_1_274' title='bbox 1035 3936 1170 4005; x_wconf 67' lang='lat' dir='ltr'>adorator</span> <span class='ocrx_word' id='word_1_275' title='bbox 1184 3939 1267 4004; x_wconf 91' lang='lat' dir='ltr'>Deli</span> <span class='ocrx_word' id='word_1_276' title='bbox 1289 3939 1398 4020; x_wconf 81' lang='lat' dir='ltr'>igitur</span> <span class='ocrx_word' id='word_1_277' title='bbox 1418 3939 1525 4004; x_wconf 88' lang='lat' dir='ltr'>iidem</span> 
     </span>
     <span class='ocr_line' id='line_1_33' title="bbox 321 4045 1525 4132; baseline -0.004 -16"><span class='ocrx_word' id='word_1_278' title='bbox 321 4055 545 4132; x_wconf 79' lang='lat' dir='ltr'>manserunt3</span> <span class='ocrx_word' id='word_1_279' title='bbox 586 4051 682 4114; x_wconf 88' lang='lat' dir='ltr'>idern</span> <span class='ocrx_word' id='word_1_280' title='bbox 719 4050 907 4114; x_wconf 85' lang='lat' dir='ltr'>statuimus</span> <span class='ocrx_word' id='word_1_281' title='bbox 945 4049 989 4113; x_wconf 92' lang='lat' dir='ltr'>de</span> <span class='ocrx_word' id='word_1_282' title='bbox 1026 4049 1081 4112; x_wconf 87' lang='lat'>22:</span> <span class='ocrx_word' id='word_1_283' title='bbox 1118 4046 1261 4130; x_wconf 82' lang='grc' dir='ltr'><strong><em>Εὔτυχος</em></strong></span> <span class='ocrx_word' id='word_1_284' title='bbox 1291 4045 1525 4114; x_wconf 73' lang='grc' dir='ltr'><strong><em>’Λπολλωνίοο</em></strong></span> 
     </span>
     <span class='ocr_line' id='line_1_34' title="bbox 320 4152 1525 4245; baseline -0.005 -19"><span class='ocrx_word' id='word_1_285' title='bbox 320 4162 514 4245; x_wconf 82' lang='grc' dir='ltr'><strong><em>Νυμφοίτης</em></strong></span> <span class='ocrx_word' id='word_1_286' title='bbox 541 4155 623 4242; x_wconf 75' lang='grc' dir='ltr'><strong><em>ὑπὲρ</em></strong></span> <span class='ocrx_word' id='word_1_287' title='bbox 652 4155 767 4222; x_wconf 82' lang='grc' dir='ltr'><strong><em>ἑαυτοῦ</em></strong></span> <span class='ocrx_word' id='word_1_288' title='bbox 794 4162 848 4222; x_wconf 79' lang='grc' dir='ltr'><strong><em>καί</em></strong></span> <span class='ocrx_word' id='word_1_289' title='bbox 877 4153 935 4222; x_wconf 83' lang='grc' dir='ltr'><strong><em>τού</em></strong></span> <span class='ocrx_word' id='word_1_290' title='bbox 967 4153 1040 4222; x_wconf 81' lang='grc' dir='ltr'>υίού</span> <span class='ocrx_word' id='word_1_291' title='bbox 1070 4153 1232 4238; x_wconf 75' lang='grc' dir='ltr'><strong><em>Εὐβούλου</em></strong></span> <span class='ocrx_word' id='word_1_292' title='bbox 1260 4158 1314 4220; x_wconf 81' lang='grc' dir='ltr'><strong><em>καὶ</em></strong></span> <span class='ocrx_word' id='word_1_293' title='bbox 1343 4153 1427 4240; x_wconf 79' lang='grc' dir='ltr'><strong><em>ὑπὲρ</em></strong></span> <span class='ocrx_word' id='word_1_294' title='bbox 1458 4152 1525 4220; x_wconf 88' lang='grc' dir='ltr'><strong><em>τοῖν</em></strong></span> 
     </span>
     <span class='ocr_line' id='line_1_35' title="bbox 320 4261 1524 4352; baseline -0.004 -19"><span class='ocrx_word' id='word_1_295' title='bbox 320 4267 540 4350; x_wconf 74' lang='grc' dir='ltr'><strong><em>πλοϊζομένων</em></strong></span> <span class='ocrx_word' id='word_1_296' title='bbox 562 4263 698 4332; x_wconf 91' lang='grc' dir='ltr'><strong><em>πάντων</em></strong></span> <span class='ocrx_word' id='word_1_297' title='bbox 712 4273 768 4332; x_wconf 86' lang='grc' dir='ltr'><strong><em>Διί</em></strong></span> <span class='ocrx_word' id='word_1_298' title='bbox 789 4263 885 4352; x_wconf 86' lang='grc' dir='ltr'><strong><em>οὐρίῳ</em></strong></span> <span class='ocrx_word' id='word_1_299' title='bbox 899 4261 1064 4348; x_wconf 90' lang='grc' dir='ltr'><strong><em>Σαράπιδι</em></strong></span> <span class='ocrx_word' id='word_1_300' title='bbox 1079 4264 1179 4329; x_wconf 90' lang='grc' dir='ltr'><strong><em>Ἴσιδι</em></strong></span> <span class='ocrx_word' id='word_1_301' title='bbox 1202 4261 1377 4346; x_wconf 76' lang='grc' dir='ltr'><strong><em>’Λνούβιδι</em></strong></span> <span class='ocrx_word' id='word_1_302' title='bbox 1401 4261 1524 4352; x_wconf 71' lang='grc' dir='ltr'>ιΑρφο-</span> 
     </span>
     <span class='ocr_line' id='line_1_36' title="bbox 320 4369 1523 4460; baseline -0.002 -20"><span class='ocrx_word' id='word_1_303' title='bbox 320 4373 426 4460; x_wconf 88' lang='grc' dir='ltr'><strong><em>κράτει</em></strong></span> <span class='ocrx_word' id='word_1_304' title='bbox 455 4379 546 4452; x_wconf 75' lang='grc' dir='ltr'><strong><em>θεοῖς</em></strong></span> <span class='ocrx_word' id='word_1_305' title='bbox 571 4373 724 4450; x_wconf 87' lang='grc' dir='ltr'><strong><em>συννάοις</em></strong></span> <span class='ocrx_word' id='word_1_306' title='bbox 748 4377 800 4440; x_wconf 79' lang='grc' dir='ltr'><strong><em>καί</em></strong></span> <span class='ocrx_word' id='word_1_307' title='bbox 827 4371 1013 4458; x_wconf 75' lang='grc' dir='ltr'><strong><em>συμβώμοις</em></strong></span> <span class='ocrx_word' id='word_1_308' title='bbox 1033 4374 1090 4438; x_wconf 75' lang='grc' dir='ltr'>ἐπί</span> <span class='ocrx_word' id='word_1_309' title='bbox 1113 4371 1217 4456; x_wconf 72' lang='grc' dir='ltr'><strong><em>ἱερέως</em></strong></span> <span class='ocrx_word' id='word_1_310' title='bbox 1239 4371 1447 4456; x_wconf 69' lang='grc' dir='ltr'><strong><em>Θεομνήστου</em></strong></span> <span class='ocrx_word' id='word_1_311' title='bbox 1468 4369 1523 4437; x_wconf 85' lang='grc' dir='ltr'><strong><em>τού</em></strong></span> 
     </span>
    </p>
   </div>
   <div class='ocr_carea' id='block_1_15' title="bbox 0 0 1672 5353">
    <p class='ocr_par' dir='ltr' id='par_1_16' title="bbox 0 0 1672 5353">
     <span class='ocr_line' id='line_1_37' title="bbox 0 0 1672 5353; baseline 0 0"><span class='ocrx_word' id='word_1_312' title='bbox 0 0 1672 5353; x_wconf 95' lang='lat' dir='ltr'> </span> 
     </span>
    </p>
   </div>
  </div>
 </body>
</html>
