3334 5358
606 531 809 596 -55-

102 733 397 814 quandocumque
427 731 558 796 dicitur
583 728 666 794 κατὰ
692 728 728 795 td
754 729 951 814 πρόσταγμα
972 733 1029 796 τοῦ
1054 729 1145 813 θεοῦ,
1173 731 1309 795 intelle-

35 917 37 924 *
102 840 237 922 gendus
271 849 335 904 est.
380 839 420 902 ln
448 837 560 903 BOH
583 839 630 903 VI
652 840 713 904 502
742 840 850 922 igitur
876 841 956 904 loco
984 839 1165 922 Serapidis
1195 838 1309 905 Osiris

100 949 236 1028 positus
260 955 325 1011 est.

201 1073 319 1138 Semel
349 1074 415 1151 (43)
445 1073 661 1137 somniorum
694 1073 871 1155 interpres
902 1073 1101 1155 Πτολεμαῖος
1131 1079 1306 1138 Διονυσίου

99 1179 315 1268 Πολυρρήντος
330 1181 439 1246 etiam
459 1177 655 1267 ἆρεταλόγος
670 1185 738 1260 est;
762 1183 913 1246 alterum
930 1199 1069 1264 quoque
1086 1182 1306 1264 aretalogum

99 1290 300 1354 invenimus
325 1291 391 1367 (21)
416 1295 571 1375 Πυργίαν.
609 1287 695 1352 ΝοΙο
719 1289 778 1352 hic
800 1295 912 1354 totam
933 1291 1188 1373 quaestionem,
1212 1307 1303 1371 quae

101 1407 154 1463 est
188 1401 231 1463 de
265 1401 470 1480 aretalogiS,
505 1399 689 1477 evolvere}
726 1399 795 1464 hoc
828 1418 936 1463 unum
971 1403 1110 1463 certum
1143 1401 1199 1462 est
1224 1397 1305 1462 Deli

99 1509 322 1589 aretalogum
360 1509 406 1572 ad
443 1509 577 1572 cultum
614 1515 782 1590 spectare
818 1509 882 1584 ita,
919 1513 957 1572 ut
994 1506 1141 1571 Crusius
1178 1507 1304 1588 (Pauly

101 1617 205 1682 Wiss.
228 1617 262 1680 II
288 1619 313 1696 t,
333 1617 396 1682 (270
411 1617 502 1698 sqq.)
529 1617 689 1698 proxime
712 1617 758 1681 ad
780 1617 972 1681 veritatem
993 1617 1077 1679 mibi
1100 1616 1303 1680 accessisse

98 1725 273 1789 rideatur.

199 1850 288 1914 Cum
325 1850 542 1914 somniorum
578 1850 874 1932 interpretatione
912 1855 989 1914 arte
1023 1850 1216 1913 coniuncta
1250 1854 1305 1913 est

99 1959 235 2022 curatio
266 1962 510 2038 aegrotorum3
543 1958 663 2040 itaque
697 1959 765 2022 hoc
799 1960 879 2022 loco
915 1958 957 2021 de
989 1975 1122 2038 genere
1157 1957 1302 2022 anathe-

99 2071 231 2131 matum
258 2085 367 2148 agere
397 2085 594 2148 possumus,
629 2067 728 2132 cuius
756 2067 824 2130 duo
853 2067 1019 2147 exempla
1042 2065 1123 2129 Deli
1150 2067 1299 2130 inventa

98 2178 191 2239 sunt:
225 2173 289 2238 216
320 2198 425 2249 ...ος
453 2173 490 2238 τὸ
521 2171 686 2257 βῆμα...
716 2182 910 2260 Μυριν...;
941 2174 1184 2256 anaglyphum
1214 2175 1301 2238 duas

98 2285 238 2364 plantas
262 2283 431 2362 ostendit;
454 2283 548 2347 idem
569 2284 634 2361 (37)
658 2283 814 2348 Milesius
839 2282 997 2346 dedicat:
1020 2281 1061 2344 τὰ
1082 2279 1210 2366 βήματα
1232 2279 1302 2347 ἀνέ-

98 2397 196 2475 θηκεν
217 2392 317 2456 Ἴσιδι
337 2389 532 2481 Δικαιοσύνῃ
554 2389 635 2455 κατὰ
658 2389 863 2476 πρόσταγμα.
898 2389 1012 2470 Quem
1035 2408 1171 2454 morem
1194 2393 1302 2455 etiam

98 2501 179 2564 alibi
202 2501 238 2564 in
261 2501 360 2564 cultu
383 2500 486 2564 Isidis
509 2501 719 2564 invenimus.
765 2501 943 2564 Prioribus
966 2500 1185 2580 temporibus
1208 2499 1300 2564 haec

98 2610 373 2674 declarabantur
410 2627 491 2673 esse
528 2611 659 2691 pedum
699 2609 792 2672 malo
834 2612 959 2671 curato
997 2607 1138 2671 donata.
1198 2605 1300 2686 Quod

96 2717 223 2782 falsum
257 2725 321 2780 est.
377 2716 510 2781 Contra
543 2714 675 2794 Conze,
713 2717 772 2798 qui
805 2721 977 2780 accurate
1014 2734 1090 2779 rem
1127 2717 1300 2780 tractavit

98 2825 212 2903 (Reise
242 2825 306 2889 aul
328 2827 359 2888 d.
382 2825 451 2889 Ius.
475 2825 611 2889 Lesbos
637 2825 690 2901 32)
722 2828 824 2905 putat
849 2825 914 2887 has
942 2843 1022 2888 esse
1053 2824 1297 2888 dedicationes

97 2953 227 3016 eorum,
251 2935 311 3015 qui
333 2935 369 2997 in
392 2934 488 2998 hunc
510 2935 628 2998 locum
651 2951 794 2996 sacrum
816 2934 1061 3014 migraverunt
1081 2936 1117 2995 et
1131 2932 1179 2996 ibi
1196 2933 1298 3012 quasi

97 3043 254 3124 seipsos
278 3042 548 3106 dedicaverunt.
586 3040 656 3105 Sed
681 3042 788 3105 etiam
809 3041 903 3104 haec
926 3041 1113 3119 sententia,
1138 3041 1231 3122 quod
1254 3041 1299 3104 ad

95 3149 230 3231 Delum,
254 3151 363 3215 dubia
384 3149 468 3214 mihi
490 3150 642 3230 videtur,
672 3151 766 3232 quod
791 3151 937 3231 plantae
960 3149 1046 3212 lsidi
1068 3149 1229 3213 Iustitiae
1254 3167 1300 3213 ex

95 3257 189 3322 iussu
217 3259 444 3338 dedicantur;
475 3260 595 3340 itaque
624 3259 837 3340 egoquidem
860 3258 997 3337 nescio,
1029 3276 1096 3339 quo
1124 3257 1298 3322 Deliacae

14 3419 15 3440 ,
96 3366 162 3430 hae
186 3367 433 3430 dedicationes
457 3367 679 3450 spectent.³⁸)

14 3575 15 3578 Ἴ
193 3493 385 3557 Accedunt
404 3493 450 3555 ad
467 3493 598 3556 cultum
616 3493 724 3556 etiam
740 3491 985 3573 melanephori
1001 3494 1037 3554 et
1054 3490 1298 3571 therapeutae,

14 3587 15 3632 ³
98 3602 258 3684 equibus
280 3603 495 3683 praesertim
518 3603 562 3664 de
585 3601 850 3682 melanephoris
872 3600 943 3663 iam
966 3598 1077 3662 multa
1093 3598 1297 3678 dictasunt,

98 3711 154 3791 qui
190 3718 337 3792 praeter
373 3711 502 3775 Delum
540 3729 612 3774 non
648 3709 887 3772 inveniuntur.
945 3704 1085 3781 Σὺνοδος
1119 3708 1297 3769 vocantur

92 3814 281 3903 Ἀθήναιον
303 3819 336 3882 Π
362 3820 428 3883 134.
473 3819 563 3882 Num
587 3819 694 3882 etiam
717 3817 962 3897 therapeutae,
987 3815 1046 3897 qui
1067 3815 1168 3877 iuxta
1189 3813 1295 3878 mela·

96 3929 271 4009 nephoros
295 3929 534 4008 nominantur,
561 3927 717 3991 societas
740 3925 880 4003 fuerint,
907 3943 978 3988 non
1004 3923 1181 4002 videmus3
1212 3940 1295 3985 nam

95 4036 134 4098 28
155 4038 246 4101 adeo
271 4042 459 4117 corruptus
477 4041 541 4112 est,
564 4039 602 4099 ut
618 4034 703 4098 nihil
726 4034 848 4102 dicere
863 4032 1054 4114 possimus:
1081 4028 1173 4115 [ὑπὲρ
1193 4028 1294 4110 tlala-

190 4269 222 4332 ³8)
235 4268 303 4322 Alia
316 4283 363 4322 res
377 4272 424 4322 est
436 4267 521 4321 BCH
533 4266 572 4319 IV
584 4272 631 4321 128
643 4265 777 4332 (inventa
789 4267 820 4316 in
830 4265 904 4317 urbe
915 4264 1064 4331 Phrygiae
1075 4260 1190 4328 Coloe):
1209 4259 1294 4333 Ἀρτέ-

94 4354 153 4420 μιδι
170 4352 287 4405 'Arciam
305 4353 350 4403 κατ’
369 4352 446 4415 Μηνὶ
467 4351 570 4418 napos
585 4353 697 4413 Μελτίνη
718 4347 781 4420 ὑπὲρ
799 4350 842 4412 τῆς
859 4347 1012 4418 ὁλοκληρίας
1030 4345 1082 4397 τῶν
1100 4347 1192 4397 notatu
1210 4339 1293 4414 εὐχὴν

94 4432 234 4500 ἀνέστησα,
253 4452 320 4488 cum
341 4450 400 4487 non
420 4436 538 4501 plantae
558 4433 612 4486 sed
631 4434 686 4486 toti
704 4431 797 4500 pedes
817 4431 1002 4483 dedicentur.
