3334 5358
617 514 824 578 ..05-

113 735 202 780 uero
230 717 322 780 inter
349 733 388 780 se
416 715 680 798 coniunguntur
705 714 817 778 veluti
844 713 912 778 XII
937 717 963 794 t,
983 713 1041 777 162
1069 713 1132 791 (ΙΙΙ
1155 715 1214 778 vel
1236 713 1269 776 ΙΙ
1292 733 1318 778 S.

114 845 143 888 a.
162 825 242 890 Chr.
258 826 319 904 n.):
351 823 493 905 [nomen
514 822 748 906 ιιμΙαθΙΙΙνιος
769 819 834 888 ὑπὸ
864 819 1051 887 ιΛλιιισιᾶν
1080 819 1320 887 Ἀθαναϊσιᾶν

109 931 313 1018 (Ερμαϊσιᾶν
340 929 600 1018 'Acherusidos’
622 928 729 996 κοινοῦ
748 935 866 1014 χρυσέῳ
886 926 1050 1017 στεφάνῳ·
1071 935 1125 994 καὶ
1149 928 1214 997 {md
1231 941 1320 1006 Διος-

111 1039 334 1127 σωιηριασιᾶν
365 1040 601 1127 Σαραπιαστᾶν
633 1037 742 1105 κοινοῦ
779 1040 927 1124 ‘duilium
962 1038 1125 1125 orepavor·
1162 1045 1215 1104 καὶ
1250 1032 1316 1106 ὑπο

112 1147 350 1236 Σαραπιαστᾶν
376 1154 496 1235 χρυσέῳ
522 1146 685 1235 στεφάνῳ·
719 1153 771 1212 καὶ
794 1145 860 1214 bno
887 1146 1133 1233 [Μ]ηνιασ[τ]ἆν
1161 1146 1319 1235 Ἀφροδι-

114 1263 253 1324 σιιισιᾶν
288 1256 396 1323 κοινοῦ
434 1263 553 1343 χρυσέῳ
593 1253 742 1343 orepavor
779 1261 846 1322 ete.
897 1256 996 1320 Inter
1032 1274 1121 1338 quas
1162 1259 1318 1322 societas

112 1367 401 1450 Serapiastarum
444 1371 480 1432 et
523 1367 600 1430 sola
644 1371 680 1430 et
720 1366 914 1430 coniuncta
957 1383 1038 1429 cum
1083 1364 1319 1431 Diossoteria-

113 1483 248 1541 starum
273 1494 425 1541 coronas
454 1476 607 1540 dedicat.
651 1476 799 1538 Isiastas
827 1492 872 1537 ex
899 1474 1189 1555 inscriptionibus
1211 1475 1318 1540 hono-

112 1588 217 1651 rariis
262 1587 411 1650 secundi
455 1585 540 1664 (XII
576 1587 601 1664 t,
632 1583 703 1662 165)
749 1588 784 1646 et
828 1581 931 1662 primi
976 1583 1066 1661 (157)
1111 1601 1141 1647 a.
1173 1582 1252 1648 Chr.
1283 1604 1316 1648 n.

112 1695 248 1759 saeculi
294 1694 555 1777 cognoscimus.
613 1693 729 1755 Etiam
773 1691 831 1754 hic
876 1691 1079 1770 complures
1124 1693 1317 1757 societates

113 1805 327 1868 coniunctae
354 1807 449 1866 sunt:
481 1801 703 1864 Philocrates
733 1800 928 1863 honoratur
957 1797 1023 1864 ὑπὸ
1053 1795 1223 1863 'locamur
1251 1805 1318 1886 ἐρα-

114 1915 227 1976 νιστᾶν
255 1910 365 1977 κοινοῦ
393 1909 474 1975 κατὰ
504 1907 541 1973 τό
573 1907 729 1997 ψάφισμα
758 1911 811 1971 καὶ
921 1907 986 1972 ι’·πό
1017 1907 1187 1973 σονθοιᾶν
1217 1908 1318 1974 Ῥοδι-

113 2020 218 2085 ασιᾶν
240 2019 479 2101 ἐπιδαμιασιᾶν
502 2026 571 2084 etc.
605 2018 754 2081 lsiastae
781 2017 889 2098 igitur
919 2022 955 2080 et
978 2016 1195 2080 Rhodiastae
1225 2037 1318 2082 com-

112 2147 237 2192 munes
267 2129 487 2207 sacrificant;
521 2129 674 2192 fortasse
703 2127 755 2190 ita
784 2144 908 2190 omnes
935 2127 1018 2190 illae
1046 2126 1317 2192 coniunctiones

113 2237 292 2301 declarari
315 2244 473 2318 possunt.

215 2345 350 2409 Eadem
372 2363 430 2410 res
454 2363 546 2426 quae
569 2345 605 2407 in
628 2344 715 2407 urbe
735 2343 857 2409 Rhodo
882 2343 989 2407 etiam
1011 2343 1048 2406 in
1071 2343 1149 2406 aliis
1172 2344 1317 2410 urbibus

114 2455 303 2519 invenitur.
348 2454 404 2534 ita
427 2453 579 2517 Camiri
602 2452 759 2516 societas
783 2450 1070 2531 Serapiastarum
1093 2451 1174 2528 (XII
1202 2455 1225 2532 1,
1242 2453 1316 2517 701:

114 2567 385 2648 στεφανωθέντος
487 2563 540 2624 καὶ
570 2559 635 2626 lud
660 2559 898 2642 Σαραπιαστᾶν
925 2557 994 2624 τῶν
1022 2560 1058 2624 ἐν
1081 2561 1240 2645 Καμείρῳ)
1272 2580 1317 2626 ex

114 2672 229 2735 altera
251 2671 355 2752 primi
378 2690 409 2734 a.
426 2669 505 2734 Chr.
521 2689 555 2734 n.
574 2670 709 2734 saeculi
730 2672 833 2750 parte
848 2672 934 2732 nota
950 2674 1014 2748 est,
1039 2686 1130 2750 quae
1147 2687 1316 2734 unacum

114 2799 180 2844 sex
201 2781 280 2844 aliis
308 2779 541 2844 societatibus
567 2779 683 2842 virum
712 2777 890 2860 quendam
917 2777 1079 2840 honorat.
1122 2777 1317 2842 Praeterea

114 2889 248 2952 cultum
270 2886 452 2970 Serapidis
476 2886 607 2952 Camiri
630 2892 784 2952 testatur
806 2885 875 2950 Xll
900 2887 926 2967 l,
943 2885 1017 2949 742:
1050 2883 1180 2969 Ἐρμίας
1207 2883 1316 2972 Ἀθη-

114 2994 236 3084 ναγόρα
262 2994 379 3071 Σολεὺς
408 2992 525 3076 Ἐκάτᾳ
551 2993 714 3080 Σαράπιδι
743 2993 944 3080 χαριστήριον
972 2999 1092 3071 σωθεὶς
1120 2996 1154 3075 ἐγ
1175 2995 1317 3078 μεγάλου

112 3102 259 3169 κινδύνου
288 3105 344 3184 (ΙΙ.
363 3104 487 3182 saec.);
512 3105 637 3167 mirum
661 3109 780 3168 autem
804 3108 859 3168 est
882 3104 1044 3186 Serapim
1074 3123 1154 3168 cum
1176 3105 1317 3170 Hecata

114 3213 340 3277 coniunctum
365 3231 455 3292 esse,
480 3231 570 3294 quae
593 3213 660 3276 Isis
683 3213 764 3294 ipsa
785 3211 927 3276 videtur
950 3230 1040 3277 csse.

210 3321 331 3386 Lindi
359 3321 569 3386 sacerdotes
597 3321 799 3401 complures
825 3321 929 3402 primi
959 3339 990 3384 a.
1014 3320 1094 3385 Chr.
1119 3339 1151 3384 n.
1179 3323 1316 3386 saeculi

114 3429 359 3510 cognovimus:
394 3436 501 3510 atque
532 3429 591 3492 hic
621 3429 772 3492 alterum
802 3446 935 3492 morem
962 3428 1106 3492 Rhodiis
1133 3431 1316 3510 proprium

112 3537 294 3616 praedico:
316 3537 524 3601 sacerdotes
541 3555 651 3618 saepe
667 3537 856 3600 multorum
872 3537 1019 3601 deorum
1034 3538 1141 3601 iidem
1157 3537 1315 3618 fuerunt;

111 3644 160 3707 ita
185 3645 245 3710 hic
274 3645 355 3722 (XII
380 3647 407 3727 1,
426 3646 501 3723 835)
528 3647 584 3708 vir
611 3647 781 3710 sacerdos
809 3646 990 3730 Serapidis
1016 3648 1171 3730 Neptuni
1193 3649 1315 3730 Hippii

111 3753 244 3818 Bacchi
266 3754 398 3834 fuerat;
427 3755 516 3818 alios
539 3755 702 3818 novimus
726 3773 772 3818 ex
800 3756 1036 3838 dedicatione,
1065 3775 1171 3839 quam
1198 3775 1315 3822 sacer-

113 3861 211 3926 dotes
243 3863 477 3944 complurium
511 3862 658 3927 deorum
691 3863 858 3928 fecerunt
891 3865 974 3944 (XII
998 3868 1024 3947 t,
1045 3866 1130 3946 788),
1166 3872 1227 3930 aut
1255 3867 1315 3930 ubi

112 3971 290 4035 coniuncti
326 3971 548 4034 honorantur
580 3971 662 4050 (XII
692 3971 855 4051 namu).
909 3974 1017 4038 Extat
1049 3982 1169 4038 autem
1202 3993 1314 4057 prope

111 4076 258 4143 Lindum
294 4080 421 4144 solium
458 4098 503 4142 ex
537 4098 624 4144 saxo
664 4079 800 4145 factum
834 4081 870 4144 in
906 4100 988 4147 rure
1027 4083 1182 4163 positum
1212 4081 1315 4166 Σαρά-

112 4210 184 4262 πιος
215 4191 359 4272 Σωτῆρος
395 4188 481 4266 (Xll
512 4191 539 4271 1,
564 4189 636 4253 932.
673 4190 690 4252 Ι
723 4189 801 4253 fere
836 4208 869 4271 p.
898 4187 978 4254 Chr.
1005 4209 1038 4253 n.
1073 4191 1128 4272 s),
1169 4191 1205 4254 in
1246 4208 1314 4272 quo

111 4294 261 4361 fortasse
306 4299 343 4360 in
379 4315 511 4379 pompa
552 4295 732 4380 Serapidis
767 4301 887 4362 statua
920 4299 1175 4363 collocabatur.
1210 4299 1314 4363 Tale

112 4405 234 4468 solium
266 4407 374 4470 etiam
405 4424 450 4469 ex
480 4403 574 4470 Cli}
597 4406 673 4471 6841
710 4409 832 4470 notum
862 4415 918 4470 est
951 4404 981 4486 (ὁ
1015 4405 1190 4492 ἱερεὺς
1218 4407 1315 4472 Ἴσιδι

1110 4557 1127 4607 5
