3334 5358
593 547 791 610 ,53-

191 745 325 812 Contra
349 749 518 812 custodes
541 747 664 830 templi
690 742 836 833 (ζάκοροι)
863 746 1043 828 peregrini
1067 749 1157 810 sunt.
1201 746 1295 810 Ante

90 860 252 938 tempora
284 856 557 920 Atheniensium
589 857 626 920 in
659 855 861 919 inventario
894 854 1059 918 Demaris
1094 851 1223 933 (BCH
1248 853 1296 916 VI

88 964 135 1042 24,
162 963 235 1042 196)
272 961 428 1048 νεωκόρος
463 965 679 1044 nominatum
714 964 857 1028 videtur
892 963 1001 1045 igitur
1035 962 1132 1026 idem
1167 980 1295 1026 munus

91 1072 308 1154 temporibus
331 1072 414 1137 Deli
442 1072 579 1138 liberae
613 1071 718 1136 aliter
750 1075 858 1154 atque
881 1069 1154 1136 Atheniensium
1186 1071 1295 1134 nomi-

89 1184 212 1245 natum
245 1199 337 1246 esse.
391 1180 550 1245 Zacorus
584 1181 728 1263 saepius
761 1181 973 1263 magistratu
1005 1179 1107 1260 fungi
1138 1184 1294 1260 poterat:

89 1287 126 1352 35
157 1284 381 1375 ζαιιορεύοντος
410 1287 429 1372 [.
443 1337 449 1352 .
464 1287 561 1375 ‚lexov
588 1286 788 1371 Ἀντιοχέως
817 1286 864 1370 [ιό
891 1335 981 1352 .....
982 1286 992 1369 ]
1022 1285 1083 1353 τόν
1116 1288 1294 1370 (supplen-

90 1397 171 1460 dum
195 1402 250 1461 est
271 1402 425 1482 τέιοιρτον
449 1398 510 1462 vel
537 1397 700 1480 superior
725 1399 901 1474 nummus)
930 1405 965 1462 et
992 1385 1047 1460 46}
1080 1396 1144 1472 ζον.
1168 1392 1296 1461 Biddon

90 1503 123 1569 ιό
156 1504 441 1571 ὀκτωκαιδέκατον.
485 1505 622 1587 (Neque
649 1524 737 1571 vero
767 1509 904 1572 certum
938 1508 995 1570 est
1026 1505 1122 1569 hunc
1155 1505 1296 1568 titulum

90 1612 251 1696 Serapidi
277 1615 406 1694 tribui.)
449 1613 598 1679 Praeter
623 1632 712 1696 quos
735 1615 828 1680 adde
851 1616 897 1680 ad
919 1615 1076 1680 indicem
1099 1613 1295 1680 Schoefferi

88 1724 257 1808 Σωκράτην
278 1724 445 1788 Λαοδικέα
468 1723 517 1801 (in
539 1723 640 1787 titulo
663 1723 814 1788 Athenis
836 1724 1008 1802 invento).

189 1954 334 2020 Cultus
361 1956 466 2038 ipse:
499 1956 607 2020 valde
635 1958 804 2033 dolemus,
836 1958 930 2039 quod
953 1976 999 2022 ex
1021 1961 1073 2021 tot
1095 1958 1295 2040 inscriptio-

89 2065 191 2128 nibus
215 2071 289 2128 tam
311 2082 430 2146 pauca
453 2065 496 2128 de
520 2065 617 2130 cultu
639 2067 717 2147 ipso
742 2066 922 2130 discimus.
967 2065 1055 2130 Cum
1079 2066 1165 2130 deos
1187 2083 1294 2130 vene·

90 2173 199 2236 raturi
244 2172 290 2236 ad
334 2173 505 2255 templum
549 2174 798 2256 accederent,
828 2175 1013 2256 inscriptio
1052 2174 1117 2253 (79)
1154 2175 1293 2256 magnis

88 2280 214 2344 litteris
238 2281 274 2344 in
290 2298 379 2344 saxo
402 2281 582 2363 insculpta
603 2282 646 2346 iis
663 2284 843 2364 apparuit:
866 2281 927 2348 ἀπ’
947 2287 1038 2347 οἴνου
1059 2279 1101 2366 μὴ
1124 2287 1294 2368 προσιέναι

88 2387 161 2473 μηδ’
179 2389 214 2454 ἐν
241 2385 402 2466 ἀνθινοῖς.
447 2388 562 2454 Sobrii
590 2391 806 2456 iubebantur
834 2392 896 2455 illa
925 2392 1006 2456 loca
1035 2397 1164 2456 sancta
1193 2391 1293 2456 adire

91 2501 125 2560 et
162 2500 266 2561 veste
304 2497 461 2562 candida
496 2499 622 2575 iuduti,
665 2518 782 2581 neque
819 2501 930 2562 solum
969 2500 1194 2580 sacerdotes,
1235 2501 1295 2581 qui

13 2589 14 2600 ἢ
89 2623 231 2687 semper
254 2606 344 2672 deae
367 2608 419 2670 ita
444 2608 667 2686 serviebant,
701 2609 766 2698 sed
800 2625 922 2672 omnes
957 2608 1016 2688 qui
1047 2608 1143 2672 huno
1175 2608 1295 2672 locum

91 2714 245 2778 adibant.
292 2713 398 2780 Certe
421 2716 521 2780 multi
542 2720 778 2798 praeceptum
800 2715 869 2782 hoc
892 2717 1007 2780 secuti
1036 2717 1115 2780 veri
1138 2717 1294 2780 cultores

91 2822 148 2885 dei
169 2825 396 2904 putabantur,
423 2824 497 2902 sed,
521 2825 614 2906 quod
638 2841 683 2888 ex
704 2842 834 2906 magno
859 2824 1125 2888 dedicationum
1146 2841 1294 2888 numere

91 2931 256 2996 concludi
278 2949 386 3013 posse
409 2937 504 3014 pute,
538 2934 638 2996 multi
661 2934 747 2998 deos
770 2933 828 3014 pie
852 2933 1020 2996 colebant
1049 2935 1085 2996 et
1107 2933 1154 2996 ad
1176 2950 1293 2997 mores

13 3071 14 3076 ν
90 3040 285 3121 Aegyptios
309 3040 573 3122 confugiebant,
597 3041 680 3123 quia
699 3040 828 3106 Graeci
853 3043 896 3106 iis
919 3061 990 3106 non
1012 3041 1293 3106 satisfaciebant.

91 3147 311 3212 Putabantur
344 3149 438 3212 enim
475 3151 594 3214 omnia
627 3167 718 3230 quae
753 3151 799 3215 ad
830 3153 1033 3232 Aegyptum
1066 3151 1294 3242 pertinebant

13 3247 14 3274 ¹
92 3259 219 3320 sancta
255 3274 351 3338 esse,
395 3258 561 3338 quoniam
599 3257 731 3324 Graeci
768 3277 940 3323 summam
976 3265 1139 3324 veterum
1174 3277 1294 3324 rerum

90 3364 347 3446 Aegyptiarum
369 3367 611 3430 reverentiam
632 3369 668 3430 et
683 3368 938 3432 verecundiam
960 3386 1047 3450 prae
1064 3385 1103 3432 se
1117 3367 1292 3432 ferebant.

90 3471 145 3534 lta
167 3490 254 3538 sane
279 3475 386 3538 etiam
409 3477 529 3538 statua
551 3475 733 3557 Aegyptia
758 3475 887 3540 litteris
909 3476 1096 3558 Aegyptiis
1118 3477 1293 3558 inscripta

13 3585 14 3662 ᾗ
90 3581 399 3646 verecundissime
433 3588 469 3646 et
503 3582 658 3648 fortasse
680 3585 785 3648 modo
808 3603 830 3649 a
853 3589 955 3649 certa
978 3585 1153 3650 cultorum
1175 3583 1292 3649 classe

13 3743 14 3748 ,
91 3689 390 3770 οερίοἱοὶιοϊιινῧῑ),
425 3708 640 3772 quamquam
668 3693 764 3757 nullo
787 3694 892 3756 modo
916 3694 962 3757 ad
985 3693 1118 3758 cultum
1140 3697 1291 3775 spectat.

13 3801 14 3846 l
90 3795 151 3859 Est
166 3803 287 3862 statua
302 3799 513 3880 sepulcralis
534 3801 731 3866 cantatoris
747 3802 997 3883 Ns-th-lat,
1017 3803 1111 3866 filiae
1130 3803 1292 3885 magistri

92 3903 254 3970 domuum
289 3905 475 3990 (inp-itt),
510 3926 602 3989 quae
636 3911 854 3991 temporibus
889 3908 1030 3975 Saiticis
1063 3911 1293 3977 attribuenda

13 4005 16 4024 '
92 4031 170 4077 esse
196 4015 353 4096 videtur;
386 4033 503 4098 neque
536 4036 623 4082 vero
650 4018 785 4082 femina
817 4020 879 4083 illa
912 4019 949 4082 in
982 4020 1079 4084 cultu
1112 4021 1291 4102 Aegyptio

90 4119 192 4186 Isidis
215 4122 283 4186 fuit
305 4141 421 4204 neque
445 4141 489 4188 ea
512 4125 556 4188 de
580 4144 693 4190 causa
714 4127 845 4190 Delum
867 4131 1112 4208 transportata
1135 4133 1199 4208 est,
1226 4128 1291 4192 sed

90 4281 287 4290 ›——-———.-..

186 4369 218 4434 37)
237 4372 261 4424 Β
272 4369 294 4426 C
304 4371 332 4424 H
350 4371 389 4424 VI
405 4377 454 4428 314
464 4389 527 4441 sqq.
545 4375 671 4428 inventa
693 4381 738 4428 est
755 4381 824 4443 post
843 4375 998 4443 exedram,
1020 4377 1072 4428 ubi
1090 4376 1125 4429 Η.
1139 4377 1170 4428 Β.
1190 4379 1282 4430 sacel-

90 4451 150 4503 lum
167 4453 254 4508 Isidis
272 4455 367 4509 fuisse
389 4457 535 4523 opinatur.
