3334 5358
837 522 1015 584 ..4-

325 721 485 803 scripsit:
520 717 676 784 ἐντεῦθεν
699 719 783 785 ίοῦσι
805 721 837 797 ἐς
857 718 895 785 ro
919 715 1005 784 κάτω
1026 745 1082 804 της
1103 719 1234 798 πόλεως
1255 713 1446 807 Σαράπιδός
1467 723 1535 788 ἐστι

289 810 291 815 ’
323 827 412 917 ἱερὸν
427 829 447 894 ὃ
451 853 469 894 ν
479 827 655 916 Ἀθηναῖοι
665 827 757 915 παρὰ
772 829 977 911 Πτολεμαίου
992 825 1078 894 θεὸν
1092 826 1316 915 εἰσηγήσαντο·
1339 834 1536 912 Αἰγυπτίοις

324 939 360 1002 δὲ
382 935 449 1020 ἱερὰ
466 937 651 1022 Σαράπιδος
671 939 932 1024 ἐπιφανέστατον
953 942 1013 1019 μέν
1032 938 1100 1002 ἐστι
1110 934 1382 1022 Ἀλεξανδρεῦσιν,
1404 936 1534 1025 ἀρχαιό-

324 1069 424 1112 τατον
456 1048 491 1111 δὲ
523 1047 559 1112 ἐν
592 1052 724 1133 Μέμφει
759 1050 827 1110 etc.
885 1044 1010 1126 Neque
1046 1063 1134 1111 vero
1172 1047 1242 1112 hoc
1280 1047 1534 1112 documentum

324 1155 535 1220 historicum
567 1155 765 1236 putandum
799 1159 854 1218 est
886 1172 1002 1236 neque
1038 1156 1162 1220 conari
1183 1155 1271 1220 licet
1305 1156 1348 1220 de
1371 1160 1532 1238 tempore

325 1265 442 1329 cultus
465 1263 660 1328 introducti
676 1281 723 1328 ex
739 1281 784 1328 ea
799 1263 1005 1328 narratione
1029 1264 1220 1346 quicquam
1237 1265 1327 1329 certi
1351 1265 1531 1348 colligere.

324 1373 414 1438 Nam
430 1393 476 1437 ex
492 1392 544 1453 ec,
568 1373 663 1455 quod
679 1373 778 1437 addit
793 1375 990 1452 Αἰγυπτίοις
1009 1377 1087 1453 etc,
1109 1372 1273 1436 videmus
1288 1374 1531 1438 narrationem

322 1483 425 1553 tradi,
461 1499 553 1562 quae
577 1486 650 1545 tum
674 1481 816 1545 omnino
838 1482 1055 1563 pervulgata
1078 1484 1164 1562 erat,
1200 1499 1305 1562 quam
1329 1482 1460 1564 optime
1486 1501 1530 1546 ex

262 1583 263 1588 ’
324 1591 517 1655 Plutarcho
541 1591 807 1671 cognoscimus:
841 1590 886 1653 de
908 1589 953 1654 Is.
977 1594 1013 1654 et
1037 1588 1095 1654 Os,
1117 1588 1174 1654 361
1194 1589 1232 1671 Ε,
1267 1607 1337 1671 qua
1363 1595 1532 1654 narratur

322 1699 565 1764 Ptolemaeum
586 1700 737 1783 primum
754 1697 937 1780 Serapidis
954 1702 1109 1762 statuam
1125 1695 1258 1779 Sinopa
1274 1697 1530 1762 Alexandriam

325 1809 562 1874 arcessivisse
600 1809 659 1889 (cf.
688 1808 772 1872 Tac.
805 1807 885 1872 hist.
908 1806 956 1871 IV
977 1807 1136 1888 83sqq.).
1191 1806 1315 1888 Neque
1349 1823 1436 1872 vero
1470 1806 1528 1871 hic

321 1917 422 1989 locus
446 1921 501 1982 est
524 1917 568 1982 de
592 1935 636 1981 ea
657 1935 697 1982 re
721 1935 845 1998 agere;
874 1921 913 1980 ut
936 1916 1043 1998 igitur
1065 1934 1188 1979 omnes
1212 1915 1256 1979 de
1279 1915 1338 1979 illo
1363 1915 1429 1980 deo
1452 1933 1529 1996 pro·

323 2025 415 2089 latas
453 2025 651 2090 sententias
690 2025 902 2108 omittamus
939 2025 1007 2089 hoc
1044 2042 1152 2089 unum
1189 2029 1327 2090 certum
1362 2022 1547 2089 videmus

319 2134 563 2200 Ptolemaeum
579 2135 729 2217 primum
747 2133 928 2216 Serapidis
955 2135 1090 2199 cultum
1115 2135 1376 2215 instituissent
1397 2131 1527 2198 Graeci

323 2247 359 2306 et
395 2243 564 2327 Aegyptii
605 2244 710 2310 deum
747 2245 922 2308 haberent
960 2261 1065 2324 quem
1109 2260 1315 2307 communes
1359 2243 1528 2312 venerari

321 2357 478 2433 possent.

423 2493 501 2573 Quo
536 2501 696 2578 tempore
730 2497 789 2560 hic
823 2497 940 2560 cultus
974 2495 1135 2559 Athenas
1168 2495 1320 2570 venerit,
1354 2499 1527 2559 accurate

322 2603 445 2668 dicere
467 2621 539 2668 non
561 2623 764 2686 possumus;
794 2605 914 2686 itaque
938 2609 1078 2686 tempus
1102 2621 1170 2686 quo
1194 2603 1265 2667 iam
1287 2603 1438 2668 Athenis
1461 2602 1526 2668 fuit

323 2711 510 2776 statuimus
548 2730 593 2775 ex
630 2713 831 2778 nominibus
869 2732 891 2777 a
927 2711 1099 2794 Serapide
1137 2711 1264 2776 ductis.
1321 2711 1444 2776 Affero
1481 2729 1526 2776 ea

321 2819 464 2882 nomina
487 2838 579 2900 quae
602 2821 638 2884 in
660 2819 852 2884 Kirchneri
874 2822 1084 2902 Prosopogr.
1108 2819 1245 2884 inveni:
1268 2819 1352 2900 114,
1374 2818 1436 2884 513
1459 2820 1526 2884 cſs)

321 2975 328 2990 .
353 2975 359 2990 .
384 2977 390 2990 .
414 2928 584 2992 ἐπαινέσαι
598 2926 659 2993 τόν
674 2928 758 3014 ἱερέα
782 2928 811 3010 [τ
875 2977 882 2992 .
899 2928 941 3010 ,lv
955 2929 996 3008 (?)
1019 2933 1232 3014 Σαραπίωνος
1254 2933 1283 2992 Γ
1279 2937 1314 2993 Λ
1329 2977 1336 2992 .
1354 2977 1361 2992 .
1377 2976 1408 2992 ..
1434 2945 1525 3009 quae

319 3035 505 3117 inscriptio
543 3054 565 3100 a
601 3036 813 3101 Kumanudc
851 3038 961 3119 priori
997 3037 1091 3119 parti
1129 3055 1225 3122 saec.
1256 3037 1306 3100 ΙΙΙ
1350 3036 1524 3100 tribuitur.

321 3141 425 3222 Quod
458 3161 673 3226 quamquam
711 3150 848 3210 certum
881 3164 953 3209 non
990 3149 1055 3227 est,
1092 3149 1212 3210 tamen
1245 3149 1385 3226 patrem
1421 3145 1523 3208 huius

320 3250 520 3315 sacerdotis
553 3252 589 3315 in
622 3251 740 3334 priore
763 3254 867 3318 huius
891 3255 1029 3320 saeculi
1050 3257 1154 3336 parte
1177 3272 1307 3318 nomen
1334 3255 1523 3334 accepisse

320 3353 491 3425 dicamus.
525 3359 565 3424 In
581 3361 675 3426 idem
691 3379 787 3426 saec.
812 3363 975 3428 ducimur
990 3364 1202 3446 magistratu
1217 3382 1311 3427 num.
1328 3363 1412 3427 anni
1431 3363 1523 3442 l7os5

319 3473 497 3552 Σαραπίων
520 3469 652 3548 (Βοοίὸ,
674 3471 728 3534 les
750 3490 869 3537 monn.
893 3472 1008 3536 d’Ath.
1031 3473 1116 3550 206).

418 3611 651 3694 Temporibus
689 3613 885 3679 Ptolemaei
920 3615 1025 3697 primi
1062 3614 1240 3678 Diodorus
1274 3614 1382 3679 etiam
1417 3611 1522 3677 Isidis

319 3719 451 3784 cultum
473 3721 585 3786 fuisse
608 3725 774 3786 testatur:
809 3721 942 3804 129,4:
979 3722 1037 3808 τήν
1058 3749 1093 3787 ιε
1110 3721 1195 3788 Ἶσιν
1215 3719 1337 3806 μόνους
1363 3724 1426 3802 (sc.
1449 3719 1524 3798 τούς

310 3825 517 3922 Ἀθηναίους)
541 3826 682 3914 ὀμνύειν.
730 3830 845 3910 Quem
867 3833 986 3896 locum
1009 3833 1101 3896 sicut
1123 3833 1293 3915 plurimos
1316 3832 1420 3914 primi
1442 3831 1522 3894 libri

317 3955 364 4002 ex
407 3937 593 4004 Hecataeo
640 3947 818 4022 sumptum
856 3958 936 4004 esse
977 3940 1015 4006 E.
1053 3939 1236 4005 Schwartz
1276 3940 1544 4020 (Pauly-Wiss.¹

315 4045 378 4110 670
394 4048 460 4128 sq.)
485 4047 753 4129 demonstravit,
788 4049 847 4130 qui
870 4051 989 4113 aetate
1023 4049 1126 4113 huius
1148 4049 1343 4114 Ptolemaei
1366 4048 1520 4130 scripsit.

323 4183 327 4190 ⁶
416 4195 551 4261 Locum
577 4196 637 4260 ubi
659 4195 866 4280 Serapieum
895 4199 1076 4264 conditum
1099 4205 1177 4263 erat
1200 4205 1299 4263 certo
1326 4217 1397 4262 non
1423 4198 1521 4261 novi-

317 4321 404 4368 mus.
459 4306 677 4386 Prytaneum
710 4307 746 4369 in
780 4325 935 4372 ascensu
970 4307 1242 4389 septentrionali
1279 4308 1374 4371 arcis
1407 4324 1520 4388 prope

317 4413 441 4477 turrim
473 4413 669 4480 Andronici
703 4419 739 4478 et
770 4414 886 4479 forum
920 4416 1025 4480 situm
1059 4415 1169 4482 fuisse
1203 4416 1271 4479 viri
1305 4415 1401 4480 docti
1438 4433 1520 4480 con·
