3334 5358
639 509 689 532 -ν
721 489 753 550 :u
805 524 842 532 -

136 692 247 755 δὲκαὶ
270 689 324 775 τῆς
346 687 488 772 πό[λεως
510 687 664 772 anomoeis
697 687 792 753 οὐδὲν
824 688 984 752 ἐνλελπων
1007 685 1065 768 οὓς
1086 711 1120 749 τε
1142 683 1226 769 τούς]
1251 689 1346 768 θερα-

137 797 260 876 πευτὰς
280 797 506 888 μεγαλομερυῖς
527 802 580 864 καὶ
603 795 749 880 ἐκτεν[ὦς
772 843 852 862 ....
874 796 1113 880 δμακετέλεκεν.
1143 799 1346 879 θεραπευταὶ

137 909 198 974 hie
235 910 323 974 nihil
360 909 455 974 aliud
493 909 695 992 significare
734 907 901 970 videntur
937 907 1005 970 nisi
1042 924 1119 982 eoa,
1164 905 1222 987 qui
1260 904 1346 968 deos

138 1021 270 1084 colunt.
316 1019 381 1098 (Of.
406 1019 449 1081 de
472 1019 527 1082 his
550 1017 701 1084 Delum.)

462 1508 524 1606 V.
586 1508 1022 1627 Peloponnesus.

242 1839 267 1904 Ι.
301 1838 493 1920 Megaris,
521 1841 560 1904 ut
586 1837 695 1902 lioeut
722 1835 816 1899 hano
844 1835 968 1898 urbem
996 1853 1077 1898 oum
1100 1835 1348 1916 Peloponneso

144 1949 377 2030 coniungere,
412 1946 582 2028 templum
604 1944 707 2010 Isidis
738 1945 849 2008 fuisse
878 1943 1074 2008 Pausanias
1098 1943 1221 2024 14·1,3
1251 1943 1347 2020 dicit,

140 2075 259 2139 neque
293 2073 379 2119 vero
411 2055 558 2118 definire
588 2071 784 2138 possumus,
818 2053 878 2116 ubi
905 2053 1075 2134 templum
1098 2053 1204 2116 situm
1227 2053 1347 2116 fuerit:

139 2167 174 2230 ἐκ
202 2165 237 2229 δὲ
264 2162 318 2248 τῇς
350 2161 556 2252 ἀκροπόλεως
587 2161 751 2230 κατιοῦσιν
776 2160 794 2253 ᾗ
822 2159 905 2248 πρός
938 2161 1072 2248 ἅρκτρον
1105 2166 1281 2249 τέτραπται
1308 2161 1345 2226 τὸ

140 2279 258 2360 χωρίον
279 2270 389 2358 μνῆμά
415 2273 502 2338 ἐστιν
530 2268 717 2356 Ἀλκμήνης
742 2272 881 2357 πλησίον
903 2268 960 2336 τοῦ
985 2267 1278 2354 Ὀλυμπιείου
1302 2270 1349 2335 έν-

32 2420 33 2424 =
140 2382 261 2448 κεῦθεν
283 2379 301 2446 ὁ
323 2379 392 2446 τῶν
413 2383 594 2467 ἐπιχωρίων
615 2379 690 2466 ἡμῖν
711 2377 859 2466 ἐξηγητὴς
873 2378 977 2466 dystro
999 2380 1031 2455 ἐς
1045 2386 1160 2466 χωρίον
1178 2376 1276 2444 Ῥοῦν
1292 2429 1299 2444 .
1316 2429 1347 2444 ..

139 2495 195 2556 καὶ
224 2489 344 2556 Ὕλλου
375 2491 514 2574 πλησίον
542 2487 600 2554 τοῦ
625 2487 813 2577 Ἡρακλέους
840 2486 950 2574 μνῆμά
977 2490 1077 2553 ἐστιν·
1112 2486 1149 2554 οὗ
1176 2485 1287 2576 πόρρω
1315 2489 1349 2553 δὲ·

139 2599 199 2666 τοῦ
228 2599 350 2665 Ὕλλου
375 2597 539 2684 μνήματος
566 2598 687 2676 Ἴσιδος
713 2599 792 2674 ναὸς
817 2601 869 2663 καὶ
892 2595 1101 2685 παρ”αὗτόν
1130 2595 1350 2672 Ἀπόλλωνος

145 2712 200 2773 καὶ
229 2706 431 2795 Ἀρτέμιδος.

248 2841 290 2905 II.
326 2840 476 2922 Pagae:
501 2857 663 2906 nummus
681 2837 863 2906 Commodi
886 2849 921 2903 et
938 2839 1086 2923 Septimi
1103 2839 1228 2906 Seueri
1244 2839 1300 2920 (M.
1317 2839 1349 2904 ll

144 2951 213 3032 144,
235 2951 297 3016 336
320 2955 356 3014 et
377 2949 590 3014 lml1.·Blum.
615 2967 644 3012 a.
665 2949 700 3014 P.
721 2947 891 3014 Gardner.
915 2950 1012 3014 Jour.
1036 2968 1065 3014 ο.
1086 2948 1128 3013 H.
1151 2953 1192 3014 st.
1210 2949 1258 3014 VI
1279 2947 1347 3028 583:

142 3059 211 3124 Isis
234 3060 270 3123 in
294 3060 425 3140 templo
450 3058 579 3138 distylo
603 3063 703 3124 stans
728 3059 758 3122 d.
780 3060 924 3123 sistrum
948 3078 973 3122 s.
994 3059 1135 3124 situlam
1159 3062 1296 3122 tenens

244 3193 304 3258 ΙΙΙ.
330 3193 387 3257 De
404 3191 603 3258 Corintho
624 3193 764 3276 longius
781 3192 1032 3274 disputandum
1049 3197 1112 3273 est,
1130 3193 1194 3256 sed
1210 3195 1348 3269 tantum

145 3305 189 3368 de
225 3303 366 3367 oolonia
394 3302 568 3384 Romana,
603 3321 683 3366 eum
717 3302 760 3365 do
794 3301 881 3366 urbo
913 3299 1055 3366 Graeca
1087 3301 1173 3365 nihil
1206 3301 1347 3366 omnino

144 3412 316 3478 traditum
339 3412 398 3492 sit;
422 3411 486 3474 sed
509 3411 544 3474 in
567 3410 627 3474 illa
650 3414 685 3474 et
708 3411 743 3474 iu
767 3411 853 3473 urbe
878 3411 964 3474 etin
987 3411 1154 3475 suburbio
1172 3409 1347 3475 Cenchre-

144 3510 244 3586 orum
277 3521 469 3602 religiones
499 3519 750 3602 Aegyptiacus
775 3519 929 3583 maxima
962 3520 1122 3584 floruisse
1152 3518 1348 3584 Pausanias

145 3634 301 3694 testatur
322 3629 355 3693 Π
377 3631 407 3712 4,
421 3630 455 3694 6:
478 3631 510 3705 ἐς
531 3628 568 3713 δὴ
590 3626 651 3694 τόν
678 3624 941 3716 Ἀκροκόρινθον
962 3626 1077 3693 τοῦτον
1100 3626 1247 3694 ἀνιοῦσίν
1262 3629 1349 3694 ἐστιν

139 3740 262 3816 Ἴσιδος
288 3743 415 3824 τεμένη,
448 3736 492 3803 ὧν
518 3736 576 3822 τὴν
597 3739 658 3818 μὲν
679 3738 855 3820 Πελαγίαν,
889 3727 947 3821 τὴν
968 3737 1003 3800 δὲ
1025 3741 1215 3817 Αἰγυπτίαν
1236 3738 1348 3803 ἐπονο-

145 3848 309 3933 μάζουσιν,
336 3851 389 3912 καὶ
416 3846 473 3914 δύο
495 3846 680 3934 Σαράπιδος
707 3848 743 3912 έν
765 3844 910 3934 Κανώβῳ
936 3847 1132 3928 καλουμένου
1154 3845 1211 3912 rof}
1234 3846 1348 3933 ἑτέρου.

147 3958 424 4040 Distinguuntur
440 3957 620 4039 Aegyptia
636 3962 671 4020 et
687 3956 834 4037 Pelagio
848 3955 926 4037 Isia
949 3957 1063 4020 altera
1079 3973 1131 4033 oa,
1149 3974 1254 4038 quam
1270 3975 1350 4022 eon-

145 4067 305 4132 iunotam
343 4085 424 4130 oum
461 4065 631 4148 Serapide
668 4066 844 4148 Aegyptio
881 4066 950 4129 ritu
988 4065 1121 4128 eultam
1160 4083 1275 4147 paene
1312 4065 1347 4129 in

147 4177 309 4240 omnibus
333 4175 473 4258 oppidis
496 4175 707 4256 invenimus
730 4175 844 4238 altera
867 4175 975 4239 etiam
996 4171 1126 4238 Pharia
1147 4175 1349 4238 nominatur

148 4303 168 4348 a
191 4285 429 4350 celeberrimo
457 4284 518 4348 illa
545 4284 657 4366 pharo
680 4284 914 4366 Aegyptiaea,
949 4301 1039 4364 quae
1067 4282 1157 4347 deae
1181 4283 1349 4348 dodieata

149 4398 236 4458 erat.
274 4392 353 4473 (Ov.
376 4397 458 4458 met.
480 4393 531 4458 IX
551 4394 627 4459 773:
662 4394 709 4456 Isi
730 4393 972 4456 Paraetonium
995 4391 1242 4474 Mareoticaque
1263 4413 1348 4456 ονυο
