3334 5358
639 500 846 562 -01-.

134 704 240 765 catur
258 699 458 777 thesaurus
481 700 536 765 his
551 698 796 763 Artemidorus
820 699 984 763 aedificia
1008 701 1149 764 extruit.
1183 700 1239 764 Ad
1255 720 1342 784 quos

135 809 318 873 accedunt
339 826 446 888 reges
462 807 673 888 Ptolemaei;
695 827 813 890 neque
828 809 897 872 hoo
920 809 1024 889 parvi
1040 809 1210 872 momenti
1232 809 1343 873 fuisse

134 917 293 982 videtur:
328 915 732 980 thesaurum'dedioant
753 917 901 981 Diocles
929 916 1022 982 etot
1049 918 1255 992 Βασιλισιαί,
1285 920 1344 999 qui

134 1026 233 1106 regis
257 1025 417 1089 divinum
439 1041 571 1088 numen
593 1025 724 1089 colunt.
768 1025 1015 1090 Basilistarum
1036 1026 1162 1091 horum
1185 1029 1342 1091 societas

135 1134 293 1198 fortasse
323 1134 359 1196 in
389 1132 552 1198 aedificio
583 1150 692 1214 super
719 1133 851 1216 templo
879 1135 947 1199 sito
976 1135 1183 1216 awaillero
1211 1135 1343 1200 effosso

137 1241 366 1306 convivebat.
401 1241 596 1305 Ptolemaei
618 1241 726 1323 igitur
740 1243 961 1326 intelligendi
984 1247 1067 1307 sunt
1089 1244 1125 1307 in
1146 1257 1214 1320 τοῖς
1236 1243 1345 1320 ἄλλοις

136 1355 237 1432 θεοῖς,
260 1350 320 1431 qui
342 1349 411 1412 XII
429 1351 459 1428 3,
475 1349 537 1413 444
559 1350 660 1412 iuxta
676 1349 838 1431 Serapim
855 1351 990 1424 etlsim
1004 1353 1243 1417 nominantur.
1275 1353 1344 1432 Qui

137 1464 259 1524 autem
281 1459 477 1522 Ptolemaei
499 1458 586 1523 culti
609 1459 688 1538 sint,
711 1457 875 1522 videmus
898 1475 944 1522 ex
966 1459 1035 1522 XII
1056 1461 1076 1524 3
1105 1458 1224 1542 Suppl.
1250 1461 1343 1526 1387:

138 1567 289 1650 [Βασιλεῖ
309 1565 524 1651 Πι]ολεμαί[ῳ
546 1565 763 1648 Πεολεμαί]οο
788 1570 841 1630 καὶ
869 1566 1049 1652 [Βερενίκης
1075 1572 1129 1631 καὶ
1151 1567 1256 1650 &reik
1277 1575 1341 1634 Σω-

136 1673 238 1760 τῇ[ρσι
264 1679 318 1739 καὶ
347 1673 509 1766 ’Λρσινόρ
532 1674 753 1762 Φιλαδ]έλφοο
780 1672 808 1756 [ὅ
836 1675 1016 1758 δεῖνα...]
1042 1673 1218 1760 Κράτωνος,
1263 1677 1344 1741 Una

137 1785 247 1866 igitur
262 1803 344 1849 cum
357 1783 529 1866 Serapide
546 1789 582 1848 64
593 1785 679 1848 Isidi
695 1785 859 1849 coluntur
869 1784 1122 1867 Philadelphus
1135 1791 1171 1850 et
1182 1787 1343 1850 Arsinoe.

140 1893 362 1975 scripturam
396 1893 484 1956 dicit
508 1892 664 1956 Hillerus
697 1893 814 1974 potius
848 1892 895 1956 ad
928 1895 1125 1958 secundum
1159 1896 1344 1958 saeculum

137 2007 324 2082 spectare;
348 2001 406 2064 oui
419 2001 473 2064 rei
489 2001 615 2064 obesse
639 2001 897 2082 supplementa,
922 2019 1014 2082 quae
1037 2020 1117 2065 earn
1139 2003 1233 2066 inter
1247 2003 1345 2082 27140

138 2114 175 2172 et
189 2107 286 2188 24615
308 2113 453 2190 ponant.
489 2108 558 2173 Sed
582 2127 796 2190 quamquam
819 2110 1068 2191 supplementa
1090 2111 1230 2174 incerta
1252 2118 1343 2192 sunt,

138 2224 259 2282 tamen
283 2217 350 2281 deo
373 2217 575 2280 Ptolemaeo
602 2235 688 2298 rege
718 2217 789 2280 iarn
811 2224 949 2282 mortuo
973 2219 1106 2299 aliquid
1129 2220 1261 2300 optime
1285 2220 1344 2284 de·

139 2327 253 2391 dicari
286 2331 415 2408 potest.
459 2324 575 2388 Etiam
607 2329 782 2407 regnante
806 2326 1010 2392 Ptolemaeo
1044 2328 1149 2391 tertio
1181 2329 1274 2391 enim
1303 2326 1345 2392 τὰ

134 2433 297 2520 Ἀρσίνοα
321 2437 405 2498 acta
428 2437 524 2496 sunt:
554 2433 672 2508 (XIIS
694 2431 813 2515 Suppl.
833 2435 924 2513 1343)
958 2445 1093 2520 Θηραῖοι
1114 2432 1345 2522 ἐστεφάνωσαν

139 2545 180 2607 ἐν,
198 2539 451 2627 [’Λ]ρσινοόισιν
473 2541 583 2616 ἐλαίας
601 2539 605 2621 Ι
624 2540 746 2625 ἔρνεσιν
774 2539 1026 2627 Ἀρτεμίδωρον,
1049 2543 1086 2618 ὃς
1105 2541 1240 2620 ἀενάους
1258 2551 1344 2608 κεῖσε

137 2647 273 2733 βωμούς.
318 2650 539 2713 Posteriores
573 2653 692 2712 autem
719 2650 943 2714 Ptolemaeos
977 2652 1013 2714 in
1047 2653 1180 2733 templo
1208 2653 1344 2718 Bacchi

140 2761 254 2823 cultos
279 2777 360 2823 esse
382 2759 496 2822 Hiller
526 2758 626 2840 dicit,
659 2759 873 2840 praesertim
896 2779 978 2824 oum
999 2759 1207 2842 Philopator
1229 2779 1343 2842 genus

139 2885 241 2932 suum
265 2887 286 2932 a
308 2867 453 2931 Baccho
477 2867 682 2931 deduceret.
720 2866 825 2932 Certe
848 2887 912 2932 ara
932 2868 1151 2950 Philopatori
1175 2871 1345 2935 dedicata

140 2977 221 3054 (XII
240 2979 269 3056 3,
285 2975 361 3052 466)
384 2975 421 3038 in
436 2975 573 3040 Bacchi
596 2977 727 3056 templo
750 2977 825 3042 suit.
860 2977 1062 3059 Diligenter
1084 2985 1205 3043 autem
1227 2996 1344 3044 secer-

139 3085 279 3148 nendae
314 3089 395 3147 sunt
428 3082 693 3164 inscriptiones,
728 3102 820 3164 quae
855 3087 926 3149 deo·
948 3086 1152 3152 Ptolemaeo
1185 3089 1254 3169 ipsi
1288 3090 1345 3153 de·

140 3191 282 3256 dicatae
310 3191 444 3254 cultum
471 3195 649 3254 testantur
675 3195 711 3254 et
739 3211 830 3272 quae
863 3195 967 3258 modo
1001 3214 1065 3276 pro
1099 3197 1214 3260 salute
1246 3198 1343 3281 regis

140 3299 336 3365 Ptolemaei
359 3299 580 3364 dedicantur.

238 3407 454 3488 Anaphae:
488 3407 557 3470 XII
578 3408 607 3487 2,
630 3409 692 3472 247
722 3409 759 3487 (Ι.
774 3428 802 3473 6.
820 3429 850 3473 a.
869 3409 948 3477 Chr.
965 3414 1010 3489 n.)
1033 3413 1199 3477 laudatur
1222 3412 1344 3479 Ἰάσων

137 3514 290 3592 Ἰάσωνος
319 3515 336 3580 ὁ
366 3514 464 3600 ἱερεὺς
492 3515 560 3580 τῶν
588 3522 746 3598 μεγίστων
775 3516 868 3582 θεῶν
894 3518 1053 3604 Σεράπιος
1080 3525 1131 3584 καὶ
1162 3521 1262 3598 Ἴσιος
1290 3526 1343 3587 καὶ

140 3629 202 3688 τῶν
228 3625 337 3688 ἄλλων
362 3627 431 3688 τῶν
458 3623 537 3708 παρῖ
563 3621 673 3700 αὐτοῖς
699 3631 734 3688 64
757 3626 877 3689 tabula
900 3628 999 3708 picta
1021 3628 1225 3710 honoratur,
1250 3633 1343 3712 quod

140 3734 230 3797 bene
255 3732 309 3796 dis
333 3733 507 3796 servisset
530 3738 566 3796 et
591 3731 649 3809 τὰς
673 3738 794 3809 θυσίας
818 3739 871 3797 καὶ
898 3736 940 3798 τὰ
965 3735 1034 3820 ἱερὰ
1064 3738 1097 3817 (i.
1122 3756 1151 3802 e.
1179 3757 1286 3802 sacra
1308 3746 1344 3804 et

140 3841 278 3923 reliqua
309 3841 539 3919 caerimonia)
573 3853 640 3915 τοῖς
671 3843 776 3906 δέουσι
806 3841 934 3924 χρόνοις
963 3846 1111 3926 egissem
1144 3851 1253 3927 atque
1285 3849 1343 3928 pie
1464 3894 1466 3898 -

142 3956 177 4012 et
198 3950 318 4032 lepide
342 3950 477 4013 addunt
499 3951 795 4031 Anaphaeenses:
826 3949 894 4034 [olle
915 3951 1018 4030 δόξαν
1039 3952 1117 4036 ἦμεν
1139 3957 1243 4018 πᾶσιν
1264 3953 1344 4038 ἁμῖν

141 4069 249 4141 χαῖρεν
263 4069 335 4133 ταῖς
355 4054 542 4142 ὑπηρεσίαις
556 4056 613 4132 ιὸς
627 4056 709 4133 θεός
722 4061 775 4122 καὶ
790 4056 892 4136 ἁὸέως
906 4059 965 4126 ὑπ’
980 4059 1080 4126 αὐτοῦ
1103 4061 1342 4148 [Λεραίρεσθαι.

143 4165 265 4230 Cultus
288 4165 452 4248 publicus
479 4166 546 4229 fuit
573 4167 669 4245 (nam
695 4168 780 4231 urbs
806 4169 941 4248 laudat)
966 4169 1148 4252 Serapidis
1176 4176 1211 4234 et
1239 4173 1342 4237 isidis

142 4281 176 4338 64
198 4278 267 4339 τῶν
288 4272 437 4338 σοννάων
460 4270 561 4354 θεοῖν,
584 4275 620 4337 in
644 4293 792 4356 quorum
815 4279 947 4359 templo
971 4281 1093 4343 tabula
1114 4281 1213 4361 picta
1237 4282 1343 4345 eollo-

143 4384 217 4447 oari
239 4384 391 4448 iubetur.
