3334 5358
668 534 875 596 ..23-

167 733 331 822 nodaespdv
353 733 410 801 τοῦ
433 732 598 821 Σαράπιος
620 735 849 817 pendendum
873 738 960 816 erat,
979 735 1055 798 sive
1073 734 1255 798 dimidium
1271 734 1371 802 Sera-

166 846 250 927 pidi,
275 845 457 910 dimidium
480 845 522 923 ei,
547 844 606 926 qui
628 843 793 908 libertum
810 843 1043 908 defendisset.
1078 843 1374 908 Manumissiones

168 955 204 1018 in
241 953 319 1018 basi
355 955 552 1036 inscriptae
589 956 679 1032 sunt,
718 970 810 1033 quae
855 955 963 1018 antea
1001 951 1169 1017 dedicata
1206 955 1284 1016 erat
1325 953 1374 1015 in·

168 1063 363 1144 scriptione
386 1062 440 1130 IX
463 1062 535 1125 187:
563 1061 762 1148 Γνωσίφιλος
782 1063 835 1125 καὶ
853 1059 1008 1136 Ἐπιξένα
1030 1059 1090 1126 τόν
1112 1057 1186 1126 uidv
1208 1061 1377 1127 Θεωνίδαν

167 1167 315 1257 Σαράπει
353 1170 434 1236 ”loa
477 1168 642 1252 ’Avoiftsa
702 1169 804 1233 Basis
838 1170 946 1250 igitur
980 1173 1134 1234 statuam
1170 1169 1375 1234 Theonidae

167 1282 318 1346 ferebat.
373 1280 564 1361 Inscriptio
599 1299 670 1343 sec.
705 1299 737 1361 p.
763 1278 842 1344 Chr.
867 1299 898 1342 n.
934 1279 1079 1344 saeculo
1113 1280 1248 1344 ineunti
1279 1281 1376 1343 attri-

166 1392 294 1454 buitur.
341 1389 637 1454 llanumissiones
668 1392 796 1469 postea
818 1388 1021 1470 insculptae
1056 1392 1092 1451 et
1115 1388 1216 1469 ipsae
1239 1387 1285 1451 ad
1308 1388 1377 1452 hoo

167 1500 351 1564 saeculum
384 1498 600 1564 referendae
635 1503 724 1562 sunt.
779 1499 896 1578 Atque
931 1515 975 1558 ex
1013 1496 1071 1561 193
1098 1513 1130 1559 ν.
1160 1495 1181 1558 o
1214 1495 1376 1561 videmus

168 1609 299 1673 collato
333 1608 368 1672 bt
402 1626 434 1671 v.
464 1607 505 1671 78
538 1607 632 1671 hunc
667 1607 807 1672 titulum
840 1607 899 1670 vel
933 1606 1070 1686 primae
1104 1604 1206 1668 huius
1241 1605 1376 1669 saeculi

166 1718 262 1798 parti
285 1715 549 1780 attribuendum
573 1733 664 1779 esse.
695 1717 844 1780 Praeest
867 1715 977 1779 cultui
1000 1713 1187 1778 sacerdos:
1210 1711 1376 1798 ὶερητεύων

165 1829 211 1912 τῷ
248 1829 316 1911 θεῷ
349 1823 393 1911 τῷ
426 1821 585 1910 §aprima
624 1825 688 1888 sed
726 1825 833 1889 etiam
870 1822 1059 1886 Tithoreae
1097 1821 1258 1903 Serapim
1291 1822 1374 1885 Isim

165 1935 320 2000 Anubim
337 1935 548 1998 coniunctos
572 1934 687 1998 cultos
712 1951 792 1996 csse
808 1931 988 1996 dedicatio
1006 1931 1236 1995 demonstrat.
1271 1929 1374 2010 Quod

166 2063 212 2109 ea
235 2044 279 2108 de
303 2061 415 2108 causa
436 2043 618 2125 praedico,
641 2061 685 2105 ne
702 2045 837 2105 temere
854 2040 1061 2120 iudicemus
1086 2041 1116 2104 si
1132 2040 1200 2104 alio
1218 2039 1372 2121 quodam

165 2154 245 2216 loco
280 2153 409 2216 multas
444 2152 697 2233 inscriptiones
734 2149 896 2231 Serapim
933 2150 1160 2213 nominantes
1198 2149 1371 2212 habemus

165 2279 282 2344 neque
306 2262 415 2327 ullam
438 2261 551 2327 Isidis.
599 2260 775 2324 Sacerdos
799 2260 907 2341 igitur
922 2259 1120 2324 seeundum
1135 2258 1372 2339 principalem

168 2371 273 2435 deum
296 2371 508 2434 nominatur.

269 2478 522 2558 Quaerendum
556 2482 674 2543 autem
709 2483 772 2556 est,
807 2496 890 2540 num
923 2477 993 2539 hoc
1015 2476 1184 2557 templum
1207 2474 1301 2540 idem
1324 2476 1369 2539 sit

166 2593 274 2670 atque
307 2588 401 2670 quod
435 2587 631 2651 Pausanias
666 2586 785 2650 affert:
823 2586 855 2648 X
879 2585 927 2648 32.
976 2585 1107 2649 Narrat
1140 2585 1368 2667 septuaginta

166 2697 284 2760 stadia
306 2696 350 2760 ab
374 2697 461 2761 urbe
486 2698 613 2760 abesse
637 2696 808 2777 templum
828 2694 1042 2775 Aesculapii,
1066 2713 1088 2758 a
1111 2712 1178 2776 quo
1202 2697 1370 2774 quattuor

165 2806 284 2870 stadia
319 2805 488 2891 περίβολος
523 2808 575 2868 καὶ
614 2804 733 2869 ἄδυτον
770 2801 857 2890 ἱερόν
884 2803 1004 2879 Ἴσιδος
1039 2800 1223 2884 ἁγιώτατον
1255 2800 1367 2867 ὁπόσα

160 2914 315 3000 Ἕλληνες
347 2913 415 3001 θεῷ
448 2913 485 3006 τῇ
519 2918 689 2995 Αἰγυπτίᾳ
722 2918 927 2997 πεποίηνται.
970 2912 1152 2994 Templum
1185 2913 1292 2994 igitur
1322 2897 1365 2976 eri

164 3027 247 3088 fano
280 3024 389 3087 muris
423 3023 644 3087 circumdato
682 3026 824 3087 constat
858 3033 892 3086 et
926 3013 1058 3103 templo
1093 3022 1170 3102 ipso
1205 3020 1366 3101 (ἄδυιόν);

164 3135 335 3216 templum
359 3139 476 3198 autem
493 3135 619 3215 procul
642 3134 686 3197 ab
702 3133 790 3196 urbe
807 3132 935 3196 abesse
952 3132 1157 3196 declaratur
1172 3130 1365 3194 sanctitate

163 3243 249 3307 eius.
294 3240 457 3323 Serapim
480 3242 605 3306 eodem
628 3242 663 3305 in
687 3242 818 3322 templo
843 3241 911 3305 coli
934 3259 1004 3304 non
1027 3241 1123 3318 dicit,
1145 3257 1263 3320 neque
1278 3257 1365 3303 vero

161 3351 231 3415 hoc
264 3351 367 3416 nobis
399 3352 469 3414 iam
496 3351 678 3432 permittit,
713 3355 750 3414 ut
783 3350 979 3414 iudicemus
1012 3349 1082 3412 hoe
1114 3348 1235 3412 fanum
1268 3348 1365 3412 aliud

162 3477 243 3524 esse
288 3477 332 3524 ac
377 3461 545 3541 templum
583 3458 764 3542 Serapidis
809 3478 853 3522 ex
897 3457 1188 3539 inscriptionibus
1232 3463 1363 3522 notum.

161 3566 295 3632 Contra
328 3585 373 3632 ne
408 3585 452 3631 ea
489 3568 630 3650 quidem
664 3586 703 3631 re
727 3568 791 3631 niti
815 3585 1011 3649 possumus
1048 3566 1141 3646 quod
1165 3567 1362 3632 Pausanias

132 3675 350 3742 'Tithoreae
387 3679 521 3743 nullum
554 3677 650 3742 aliud
687 3677 856 3758 templum
895 3680 1159 3740 commemorat.
1225 3675 1362 3756 Itaque,

159 3803 241 3851 cum
265 3805 329 3850 nos
352 3787 442 3869 loca,
466 3787 500 3850 in
522 3787 649 3869 quibus
664 3787 802 3873 lapides
825 3788 963 3851 inventi
979 3790 1072 3869 sunt,
1095 3804 1164 3849 non
1181 3785 1360 3864 adiuvent,

160 3893 357 3960 diiudicare
382 3914 451 3960 non
474 3914 672 3977 possumus,
696 3899 814 3960 utrum
837 3914 944 3960 unum
968 3913 1013 3959 an
1036 3895 1140 3978 plura
1157 3895 1291 3977 templa
1313 3895 1361 3958 ibi

157 4003 299 4068 fuerint.

258 4114 313 4177 De
338 4115 435 4178 cultu
471 4115 548 4196 ipso
577 4115 678 4178 Paus.
714 4116 817 4194 plura
851 4113 1013 4194 praebet:
1047 4113 1179 4176 nemini
1213 4111 1360 4194 adytum

156 4225 301 4287 intrare·
315 4223 427 4287 licere
450 4223 517 4286 nisi
541 4240 645 4305 quem
661 4223 725 4286 Isis
740 4223 819 4304 ipsa
840 4223 876 4286 in
893 4222 1028 4286 somnio
1044 4221 1195 4284 iusserit.
1229 4219 1359 4285 Narrat
1449 4235 1450 4240 ’

155 4335 286 4415 postea
320 4331 628 4396 historiunculam:
666 4332 790 4396 diebus
828 4331 931 4396 festis
968 4331 1156 4412 hominem,
1194 4331 1250 4394 cui
1287 4347 1358 4394 non

156 4442 327 4522 licuisset,
361 4441 508 4521 adytum
530 4441 694 4519 intrasse,
727 4459 920 4521 remeasse,
954 4440 1091 4504 civibus
1114 4457 1282 4505 narrasse
1316 4458 1354 4504 se
