3334 5358
854 539 1034 628 -e-

440 767 590 832 Praeter
621 765 691 829 hoo
725 765 893 845 templum
928 765 1036 828 etiam
1068 763 1104 828 in
1136 763 1229 828 olivo
1252 764 1476 830 meridionali
1499 766 1548 829 ad

336 876 568 958 Asclepieum
584 874 752 954 (fortasse
768 873 1025 955 posterioribus
1042 873 1183 940 demum
1196 873 1428 955 temporibus)
1439 873 1546 938 Isidis

339 985 510 1066 templum
532 983 612 1064 fuit3
636 983 701 1046 sed
724 983 768 1046 de
792 1001 834 1047 eo
854 985 993 1064 postea.

438 1093 560 1157 Priore
577 1093 684 1174 igitur
707 1092 789 1156 terti
805 1072 902 1158 saec.
925 1095 1029 1172 parte
1050 1092 1166 1155 cultus
1184 1090 1365 1173 Serapidis
1380 1091 1546 1173 publicus

338 1202 499 1267 Athenas
543 1201 765 1266 introductus
810 1204 865 1264 est
901 1201 1144 1281 templumque
1180 1216 1293 1281 prope
1330 1203 1545 1281 prytaneum

336 1312 445 1375 situm
468 1310 697 1374 aedificatum
719 1309 793 1388 (vel
826 1309 856 1372 si
888 1309 959 1372 iam
993 1311 1101 1372 antea
1123 1307 1227 1372 Isidis
1251 1308 1317 1371 fuit
1341 1307 1485 1391 Serapis
1509 1310 1547 1373 in

338 1419 374 1482 id
411 1421 580 1501 receptus
618 1419 694 1496 ost).
753 1415 824 1482 Sed
860 1417 961 1480 iuxta
999 1417 1132 1481 cultum
1168 1416 1351 1499 publicum
1387 1418 1546 1482 soeietas

337 1529 483 1609 privata
505 1526 667 1608 Serapim
699 1521 956 1592 venerabatur:
989 1526 1023 1590 H
1044 1524 1119 1606 6173
1154 1527 1214 1608 qui
1246 1527 1368 1590 titulus
1403 1545 1487 1590 num
1509 1527 1547 1590 in

339 1634 461 1699 Attica
482 1635 652 1700 inventus
677 1637 784 1712 esset,
814 1635 873 1697 diu
896 1635 1153 1716 ambigebatur.
1198 1633 1268 1698 Sed
1291 1652 1386 1698 nunc
1410 1635 1546 1702 archon

338 1744 509 1826 Hagnias‚
544 1743 661 1824 quiin
684 1743 742 1806 illo
767 1743 977 1824 nominatur,
1011 1744 1120 1808 etiam
1143 1761 1190 1808 ex
1210 1743 1245 1807 Π
1266 1743 1328 1809 372
1351 1748 1455 1808 notus
1479 1749 1544 1808 est.

336 1851 526 1935 Inscriptio
561 1853 663 1916 annis
707 1853 863 1916 fortasse
901 1852 1036 1916 duobus
1080 1859 1162 1934 post
1198 1839 1296 1916 illum
1333 1853 1546 1918 anebontem

338 1960 530 2040 (abo-230)
553 1962 672 2043 posita
695 1965 758 2024 est.
803 1959 973 2025 Videmus
997 1961 1210 2025 societatem
1231 1962 1386 2025 maxime
1401 1961 1545 2036 florere3

335 2072 414 2134 sine
438 2087 550 2134 eausa
571 2072 724 2135 Foueart
748 2070 813 2149 (les
838 2087 952 2133 assoc.
969 2071 1032 2136 rel.
1050 2069 1121 2149 102)
1144 2077 1180 2134 et
1204 2069 1351 2153 Lafaye,
1373 2072 1415 2134 34
1437 2089 1545 2153 quae—

340 2180 509 2260 siverunt,
535 2179 665 2260 quade
689 2197 809 2260 eausa,
833 2198 915 2245 eum
931 2180 1078 2244 Athenis
1094 2180 1166 2243 iam
1181 2181 1345 2262 publicus
1362 2179 1544 2262 Serapidis

338 2289 455 2352 cultus
479 2293 586 2366 esset,
619 2289 721 2352 iuxta
754 2306 835 2352 eum
858 2289 994 2353 thiasus
1019 2293 1130 2366 esset;
1164 2289 1259 2369 quod
1282 2289 1544 2369 saepenumero

337 2396 474 2459 farctum
497 2413 578 2460 esse
601 2396 706 2460 hodio
740 2400 899 2476 constat3
934 2397 1100 2478 exempla
1122 2395 1308 2460 Rhodiaca
1338 2396 1434 2460 infra
1466 2415 1545 2478 pro·

336 2509 523 2584 ponentur.
567 2504 608 2569 ln
641 2497 696 2568 eo'
719 2506 865 2570 decreto
892 2504 1179 2586 Serapiastarum
1211 2505 1345 2587 primus
1377 2505 1545 2568 laudatur

338 2618 465 2695 ταμίας,
501 2617 679 2696 quaestor,
714 2615 773 2696 qui
796 2631 920 2677 aream
943 2613 1085 2694 collegii
1108 2613 1389 2694 administrabat,
1414 2613 1543 2677 deinde

335 2721 550 2804 γραμματεύς,
598 2724 727 2804 scriba,
766 2723 892 2786 tertius
930 2718 1151 2804 ἐ1πιμελητῆς1,
1194 2739 1300 2803 quem
1333 2722 1542 2804 colligimus

336 2850 420 2896 cum
443 2832 533 2895 alius
556 2851 627 2896 non
650 2833 705 2914 sit,
728 2831 905 2914 praesidis
928 2847 1076 2894 munere
1099 2831 1261 2893 functum
1284 2848 1375 2894 esse.
1410 2828 1543 2894 Omnes

337 2959 424 3004 vero
447 2941 484 3004 hi
506 2941 737 3023 magistratus
754 2941 959 3015 multantur,
983 2957 1064 3003 eum
1088 2943 1215 3003 eontra
1236 2940 1336 3022 leges
1353 2957 1375 3002 a
1390 2939 1542 3022 collegio

338 3049 441 3113 dairas
476 3049 699 3130 deliquerint.
753 3048 902 3113 Praeter
929 3067 1017 3130 quos
1050 3048 1217 3113 laudatur
1240 3045 1259 3132 ἡ
1286 3053 1543 3133 προερανίστρια,

337 3163 532 3238 propterea
556 3158 638 3239 quia
662 3175 768 3222 sacra
792 3158 864 3220 suis
888 3158 1107 3239 temporibus
1138 3157 1268 3222 feeerit
1291 3156 1455 3220 nimirum
1477 3174 1542 3237 pro

337 3265 501 3348 collegio.
568 3265 773 3330 Sacerdotis
810 3266 918 3346 igitur
954 3265 1088 3347 publici
1124 3282 1271 3329 munere
1316 3264 1541 3346 fungebatur.

337 3373 474 3437 Nomen
498 3377 617 3438 autern
650 3374 701 3436 ita
726 3373 869 3437 videtur
902 3392 982 3438 esse
1006 3375 1267 3457 accipiendum,
1300 3378 1339 3437 ut
1371 3373 1542 3455 princeps

296 3505 299 3510 ·
335 3483 381 3546 sit
404 3481 472 3547 miv
494 3481 702 3568 ἐρανιστριῶν
724 3482 744 3544 i.
762 3500 792 3546 e.
815 3481 1002 3546 mulierum
1024 3500 1116 3563 quae
1140 3483 1269 3563 stipem
1292 3498 1435 3544 sacram
1457 3499 1541 3562 pen-

336 3591 433 3654 dunt.
471 3589 695 3673 Quamquam
711 3596 830 3673 potest
846 3592 954 3656 etiam
969 3591 1020 3654 ita
1035 3591 1154 3671 aoeipi
1170 3595 1209 3653 ut
1225 3590 1354 3671 stipem
1370 3589 1542 3669 colligant

333 3700 540 3785 ἕρανῑστριαι.
585 3699 718 3764 Locum
751 3700 809 3763 ubi
830 3701 1052 3764 honorantur
1073 3700 1186 3762 Hioks
1209 3699 1426 3782 Σαραιπίδιον
1456 3697 1542 3761 dicit

338 3825 384 3871 ex
407 3825 441 3870 v,
467 3810 496 3871 l:
531 3807 736 3894 ...1α1πιδῑῳ
770 3808 939 3886 (Foueart
971 3809 1074 3890 psius
1107 3806 1204 3893 ἱερῷ),
1238 3807 1332 3889 quod
1367 3807 1475 3870 etiarn
1505 3807 1542 3870 in

338 3935 370 3979 1.
394 3915 434 3980 25
459 3918 615 3997 supplet3
650 3917 744 3998 quod
779 3917 909 3981 salsum
932 3923 996 3981 est.
1041 3917 1165 3998 Neque
1199 3915 1294 3978 enim
1326 3915 1542 3998 Σαραιπίδιον

336 4142 475 4208 gantimn
499 4157 593 4208 prope
612 4141 762 4195 Theseum
785 4143 842 4194 sita
865 4157 882 4194 a
899 4141 1096 4207 Mordtmann,
1119 4142 1192 4194 Rev.
1211 4143 1290 4194 areli.
1309 4147 1381 4207 1879,
1401 4148 1413 4195 l
1439 4143 1540 4208 11258.

338 4224 443 4277 Allatis
462 4226 542 4277 enirn
561 4226 727 4277 simulacris
747 4225 865 4278 duobus
884 4223 985 4292 Cyzici
1006 4226 1146 4290 inventis,
1173 4239 1251 4292 quae
1269 4225 1339 4278 Isim
1358 4230 1389 4278 et
1406 4222 1541 4292 Serapim

339 4323 465 4375 corpore
484 4310 629 4375 anguium
647 4308 800 4375 praeditos
820 4309 946 4375 tingunt,
965 4309 1068 4376 qrrales
1087 4309 1117 4360 hi
1136 4308 1166 4360 di
1183 4310 1360 4376 saepissimo
1378 4308 1541 4375 finguntur,

337 4396 424 4458 putat
441 4393 490 4444 ille
509 4392 584 4444 haee
603 4406 723 4459 quoqne
741 4390 868 4445 Athenis
890 4393 1014 4446 inventa
1041 4397 1235 4446 monumenta
1253 4391 1340 4445 Isidis
1361 4392 1453 4444 cultui
1472 4405 1541 4443 esse

337 4475 537 4528 attribuenda.
573 4473 659 4536 Quod
677 4475 786 4528 falsum
805 4489 873 4528 esse
893 4490 996 4528 ornnes
1017 4476 1217 4528 consentiunt.
