3334 5358
647 553 926 618 -5a-·

148 759 213 836 est,
246 755 340 836 quod
369 771 503 818 corona
530 754 748 835 promulgari
781 753 924 819 iubetur
957 754 1080 818 diebus
1114 753 1217 817 festis
1240 753 1353 817 Isidis

148 861 374 944 Quamquam
395 862 504 943 igitur
526 863 683 927 societas
707 881 836 926 nomen
861 863 958 944 cepit
980 880 1002 926 a
1024 859 1206 944 Serapide,
1234 866 1354 926 tamen

147 972 318 1053 princeps
335 971 411 1035 dies
434 972 548 1036 festus
564 971 651 1035 Isidi
667 971 882 1036 celebratur.
915 969 993 1036 Hoc
1010 971 1174 1051 exemplo
1192 977 1354 1052 apparet,

146 1097 252 1161 quam
276 1083 353 1144 arte
376 1080 412 1143 in
437 1081 534 1144 cultu
558 1079 703 1161 Serapis
728 1083 764 1144 et
785 1079 851 1143 Isis
876 1079 1059 1144 coniuncti
1082 1080 1162 1143 sint.

250 1186 383 1252 Contra
397 1187 579 1270 Serapidis
596 1187 672 1252 dies
689 1187 804 1252 festus
820 1187 924 1250 Naxi
946 1191 1051 1251 notus
1071 1192 1126 1252 est
1146 1187 1228 1266 (XII
1243 1185 1273 1267 5,
1285 1187 1354 1266 38);

147 1300 316 1378 quattuor
337 1297 471 1362 similes
491 1295 745 1377 inscriptiones
768 1297 803 1360 in
820 1315 889 1360 uno
905 1296 1024 1378 lapide
1046 1296 1250 1378 insculptae
1273 1303 1355 1359 sunt

148 1405 335 1482 (annorum
356 1405 509 1483 41-38);
536 1406 592 1469 ἐπὶ
614 1402 805 1490 δημιουργοῦ
825 1453 832 1467 .
850 1452 880 1467 ..
905 1402 1010 1484 ἱερέως
1030 1403 1065 1468 δὲ
1087 1400 1141 1487 της
1165 1400 1284 1468 Ῥόδου

146 1509 249 1596 μηυδς
276 1510 533 1593 Ἀρτεμισίιουος
554 1511 829 1593 ταμιεύοντος
851 1511 941 1597 ἦρξεν
963 1513 1035 1591 (vel
1055 1509 1164 1594 ἦρξαν)
1188 1508 1230 1575 τοὶ
1251 1517 1353 1595 Σαρα-

147 1627 231 1705 πίηα
252 1637 259 1684 ’.
277 1673 283 1685 .
301 1669 332 1684 ..
356 1623 409 1684 καὶ
429 1617 549 1707 ἀφῆκεν
573 1622 647 1700 (vel
662 1659 693 1665 -
709 1623 781 1700 καυ)
805 1618 953 1702 ἇτέληαν,
977 1617 1175 1706 προκηρύξας
1193 1618 1276 1683 κατὰ
1294 1617 1355 1684 τδν

150 1726 266 1810 νόμον,
300 1726 519 1814 ἐβουθύτησεν
548 1755 583 1792 τε
614 1732 667 1793 καὶ
701 1733 925 1815 οἰνομέτρησευ
955 1731 1039 1794 πᾶσι
1070 1732 1123 1792 καὶ
1152 1725 1210 1812 τὴν
1238 1727 1355 1812 λοιπὴν

148 1835 301 1922 δαπάνην
336 1838 369 1902 ἐκ
405 1835 473 1902 τῶν
511 1837 602 1902 ἰδίων
636 1835 821 1922 ἐποιήσατο.
877 1836 1016 1901 Cultum
1054 1837 1236 1918 publicum
1274 1855 1354 1902 esse

147 1953 249 2012 recte
265 1945 443 2026 Ziehbart,
467 1944 523 2010 Gr.
540 1947 736 2012 Vereinsw.
756 1945 807 2028 65,
823 1947 864 2010 23
888 1946 1066 2028 cognovit.
1103 1946 1190 2009 Tres
1212 1964 1272 2010 res
1296 1947 1354 2010 ad-

146 2054 371 2117 ministratae
406 2053 617 2118 afferuntur:
654 2051 786 2139 ἀφιέναι
820 2052 972 2139 ἀτέληαυε
1007 2053 1052 2117 cf.
1077 2052 1233 2135 CurtiuS,
1266 2055 1354 2121 Mus.

146 2161 210 2226 Rh.
230 2161 320 2242 1843,
338 2162 389 2243 99,
418 2162 477 2226 cui
498 2162 623 2242 habe0,
648 2163 742 2244 quod
765 2162 910 2242 addam;
937 2165 1059 2225 taurus
1084 2161 1356 2226 sacrificabatur

148 2277 184 2334 et
209 2273 331 2336 vinum
360 2271 648 2335 distribuebatur.
692 2270 816 2353 Neque
845 2288 935 2335 vero
964 2270 1033 2334 hae
1063 2273 1136 2335 tres
1167 2270 1250 2334 festi
1284 2270 1355 2334 diei

147 2380 258 2461 ipsius
291 2385 414 2461 partes
448 2380 629 2461 putandae
664 2385 759 2452 sunt,
794 2378 859 2442 sed
886 2378 932 2441 ad
960 2379 1095 2441 cultum
1122 2378 1238 2458 ipsum
1267 2379 1355 2442 nihil

23 2507 24 2528 ι
146 2488 215 2552 nisi
243 2493 409 2568 βουθυσία
438 2493 589 2570 spectat.
632 2487 872 2552 Numerantur
899 2488 934 2550 in
961 2487 1026 2580 his⁴
1045 2486 1222 2567 catalogis
1249 2486 1354 2550 modo

148 2614 214 2660 eae
237 2614 306 2677 rea,
331 2615 420 2678 quas
436 2597 608 2679 impensis
631 2595 786 2660 fortasse
802 2596 942 2677 magnis
967 2593 1230 2676 comparandas
1254 2595 1354 2658 cives

147 2705 290 2786 quidam
318 2705 419 2786 quasi
446 2705 643 2786 λειτουργίας
670 2707 921 2784 susceperunt;
951 2703 1045 2766 inter
1072 2720 1160 2782 quas
1185 2706 1240 2765 est
1262 2720 1355 2766 com-

146 2831 251 2877 mune
275 2817 314 2875 ut
333 2813 477 2876 videtur
496 2812 698 2893 hospitium.
732 2813 857 2894 Itaque
881 2813 1016 2876 maiora
1040 2813 1076 2874 et
1097 2811 1236 2874 minora
1255 2809 1354 2874 Sera-

146 2923 228 3002 piea
252 2922 471 3004 distinguere
494 2939 564 2984 non
588 2939 787 3002 possumus
811 2922 905 3001 quod
930 2920 1071 2985 Curtius
1095 2917 1291 3001 proposuit.

245 3029 379 3094 Rursus
395 3030 465 3092 alio
482 3029 715 3093 fundamento
730 3029 889 3092 Therae
913 3029 1057 3107 utimur;
1080 3044 1222 3090 sacrum
1237 3026 1354 3108 ipsum

147 3137 314 3201 effossum
338 3140 393 3200 est
409 3141 444 3202 et
468 3137 689 3217 descriptum
706 3138 750 3200 ab
766 3137 900 3200 Hillero
924 3137 968 3200 de
985 3135 1200 3216 Gdrtringen
1224 3133 1354 3212 (Thera

147 3244 250 3310 1259
266 3264 341 3327 sqq.
375 3244 426 3308 ΠΙ
452 3243 494 3308 85
509 3246 610 3327 sqq).
661 3243 765 3323 Quod
798 3244 969 3324 templum
1002 3261 1024 3306 a
1056 3242 1178 3307 formis
1212 3241 1353 3306 usitatis

147 3354 359 3435 templorum
393 3358 429 3418 et
462 3351 683 3418 Graecorum
721 3356 757 3416 et
788 3353 1046 3435 Aegyptiorum
1079 3351 1186 3432 plane
1222 3349 1354 3431 differt;

22 3523 23 3540 ,
146 3479 261 3543 neque
290 3461 385 3526 enim
413 3461 529 3525 cultus
557 3461 594 3524 in
621 3461 784 3525 aedificio
812 3461 1054 3526 exercebatur
1080 3459 1144 3522 sed
1171 3458 1354 3523 subdivo.

146 3569 279 3633 Fanum
302 3570 337 3632 in
354 3570 450 3634 clivo
473 3569 603 3634 montis
624 3570 729 3633 situm
753 3573 808 3633 est
828 3569 941 3648 41l2m
963 3569 1084 3649 latum,
1107 3567 1178 3630 em
1199 3567 1353 3648 longum.

22 3661 23 3666 ἵ
146 3678 186 3740 In
210 3678 353 3741 sinistro
376 3678 490 3742 latere
506 3678 573 3740 fuit
596 3678 689 3741 cella
708 3677 816 3758 rudis,
839 3679 875 3740 iu
892 3695 962 3759 qua
978 3677 1083 3740 sedes
1106 3675 1214 3756 ionga
1236 3673 1354 3755 posita

147 3790 213 3866 est;
243 3786 438 3850 verisimile
463 3791 518 3849 est
546 3787 583 3849 in
613 3804 657 3849 ea
687 3789 825 3849 statuas
856 3803 981 3850 sacras
1012 3784 1146 3866 positas
1178 3800 1268 3845 esse.
1312 3782 1353 3845 In

146 3895 259 3959 latere
293 3894 448 3977 largiore
482 3895 595 3958 multa
628 3893 807 3957 foramina
843 3897 926 3957 sunt
963 3893 1063 3956 stelis
1096 3890 1258 3954 rotundis
1293 3896 1354 3953 aut

148 4004 332 4086 triangulis
366 4003 583 4085 recipiendis
617 4003 755 4066 idonea.
805 4003 847 4066 In
873 4003 942 4066 alio
972 4020 1063 4066 cavo
1086 4001 1276 4064 thesaurus
1300 4000 1352 4062 in-

146 4117 275 4176 ventus
300 4115 364 4176 est.
398 4112 503 4175 quta
526 4111 620 4193 quod
641 4112 763 4174 scalae
787 4113 962 4192 angustae
986 4109 1119 4172 clivum
1141 4106 1352 4170 ascendunt.

148 4220 262 4301 Supra
285 4221 414 4284 cellam
436 4219 527 4283 duae
552 4219 732 4284 cisternae
754 4219 895 4300 positae
919 4224 1031 4281 erant.

247 4328 426 4392 Floruisse
464 4328 609 4392 videtur
647 4328 762 4391 cultus
798 4328 870 4390 iam
906 4327 1011 4390 tertio
1046 4345 1076 4389 a.
1104 4323 1184 4388 Chr.
1212 4343 1245 4386 n.
1279 4340 1354 4386 sae-

150 4437 244 4501 culo:
276 4441 376 4500 extat
399 4437 521 4501 tabula
544 4435 668 4499 votiva
692 4453 773 4499 cum
794 4435 1027 4516 inscriptione
1056 4429 1234 4517 Ἀρσινόης
1257 4431 1354 4497 otta-
