3334 5358
828 486 1036 548 -lo-

327 685 473 767 puellae
510 685 546 748 in
583 685 722 766 pompis
757 685 920 749 calathos
957 683 1138 764 ferebant3
1175 700 1302 746 munus
1339 681 1542 764 canephori

328 793 438 876 igitur
460 811 531 858 non
554 793 782 858 sacerdotale
806 796 871 856 est.
914 792 1084 874 Pompam
1107 796 1228 856 autem
1247 789 1352 855 Isidis
1379 794 1415 856 et
1437 789 1544 856 Sera-

329 901 423 984 pidis
445 920 516 966 non
538 901 704 966 Eleusine
740 902 804 967 sed
826 901 977 966 Athenis
1004 901 1115 966 fuisse
1141 900 1317 982 videmus,
1350 899 1543 980 quodiam

328 1013 441 1076 antea
462 1007 731 1098 κανηφορῇσασοιν
753 1007 1014 1095 §redundarent
1036 1009 1158 1085 Ἴσιδος
1180 1009 1424 1092 cognovimus.
1469 1001 1543 1088 Qui

331 1119 453 1184 titulus
475 1119 546 1184 hoc
569 1137 709 1201 quoque
732 1120 768 1183 in
790 1119 892 1186 titulo
916 1119 1080 1200 efficitur,
1114 1119 1144 1183 si
1171 1118 1260 1182 duas
1282 1118 1541 1214 inscriptiones

257 1215 259 1220 ’
329 1228 588 1310 coniungimus‚
606 1245 695 1310 quas
708 1227 809 1292 Scias
822 1228 977 1321 fortasse
992 1228 1028 1292 in
1041 1227 1168 1292 eodem
1179 1225 1300 1308 lapide
1315 1226 1427 1291 fuisse
1441 1226 1542 1292 dicit.

369 1365 371 1370 ·
431 1352 592 1417 Vidimus
616 1352 724 1436 igitur
755 1353 892 1416 nullum
925 1351 1177 1416 documentum
1211 1355 1336 1416 extare
1348 1351 1402 1433 1¹),
1443 1351 1542 1433 quod

328 1477 462 1526 revera
485 1461 705 1524 demonstret
720 1461 824 1524 Isidis
840 1458 1095 1543 Serapidisque
1112 1462 1245 1525 cultum
1261 1478 1342 1524 cum
1358 1460 1542 1542 mysteriis

331 1567 521 1632 Eleusiniis
542 1567 579 1632 in
603 1569 700 1632 cultu
716 1568 793 1650 ipso
817 1569 1046 1634 coniunctum
1068 1569 1127 1634 vel
1150 1573 1396 1651 comparatum
1418 1568 1542 1632 fuisse.

332 1676 455 1758 Neque
482 1693 570 1740 vero
599 1677 826 1741 narrationes
857 1678 1072 1760 scriptorum
1104 1679 1209 1742 ullius
1242 1677 1412 1742 momenti
1446 1683 1542 1758 sunt,

331 1804 421 1868 quas
446 1805 487 1850 eo
505 1785 653 1850 consilio
678 1786 1051 1867 comminiscebantur,
1073 1790 1112 1850 ut
1127 1787 1263 1868 patrias
1287 1786 1478 1868 religiones
1495 1787 1543 1849 ab

331 1893 589 1976 antiquissimis
611 1894 679 1958 illis
708 1900 743 1960 et
771 1895 1007 1960 sanctissimis
1031 1895 1290 1978 Aegyptiorum
1321 1894 1541 1958 derivarent.

334 2002 457 2067 Cultus
480 2003 568 2085 ipse,
592 2004 686 2085 quod
709 2021 884 2067 summum
907 2008 971 2084 est,
993 2003 1081 2067 nihil
1106 2002 1269 2082 traditli)
1320 2089 1322 2092 .

433 2111 462 2175 Ε
488 2130 527 2175 re
555 2129 635 2174 esse
661 2117 747 2192 puto
772 2117 849 2175 tarn¹
869 2111 1069 2192 dispersam
1092 2113 1387 2176 documentorum
1409 2110 1540 2174 molem

331 2220 459 2301 paucis
471 2219 736 2301 comprehendi.
760 2219 836 2283 lam
849 2220 970 2302 quinto
983 2222 1130 2285 saeculo
1143 2219 1313 2302 Aegyptii
1325 2219 1443 2284 Piraei
1456 2223 1543 2282 tem·

333 2329 431 2410 plum
445 2328 549 2392 isidis
573 2347 659 2394 suae
676 2329 844 2395 condunt.
875 2330 1025 2394 Ineunte
1041 2329 1118 2394 fere
1135 2330 1280 2394 saeculo
1302 2329 1406 2392 tertio
1423 2328 1542 2392 cultus

279 2477 281 2481 ν
334 2436 437 2501 Isidis
461 2441 497 2501 et
513 2435 695 2519 Serapidis
718 2437 882 2518 publicus
898 2437 1121 2502 introductus
1143 2443 1205 2501 est.
1242 2437 1413 2502 Coluntur
1434 2435 1544 2517 igitur

335 2544 479 2627 Serapis
504 2551 540 2610 et
561 2545 629 2610 Isis
653 2545 836 2610 coniuncti
858 2546 894 2609 in
921 2547 1053 2628 templo
1081 2564 1193 2628 prope
1216 2543 1441 2626 Metropolim
1464 2544 1542 2610 sit0.

332 2652 475 2718 Cultum
497 2671 563 2736 per
585 2655 733 2718 saecula
754 2672 867 2736 usque
888 2653 934 2718 ad
948 2655 1101 2736 primam
1115 2655 1234 2737 ¹quarti
1249 2654 1386 2719 saeculi
1401 2657 1542 2735 partem

332 2745 517 2844 persecuti
544 2773 689 2827 sumus.¹
723 2760 802 2827 Sec.
831 2763 908 2827 fere
940 2782 971 2829 a.
995 2764 1072 2828 Chr.
1099 2781 1132 2826 n.
1163 2781 1260 2828 saec.
1288 2761 1433 2826 nomina
1460 2780 1543 2826 cum

335 2871 377 2934 iis
402 2871 455 2934 dis
479 2871 679 2952 composita
700 2872 810 2935 rnulto
834 2871 1019 2936 crebriora
1044 2872 1141 2954 fiunt,
1175 2872 1269 2954 quod
1291 2871 1543 2952 Athenienses,

336 2979 395 3060 qui
431 2978 521 3044 Delo
558 2979 661 3060 potiti
699 2983 815 3062 erant,
856 2979 905 3044 ibi
940 2980 1229 3074 florentissimum
1265 2985 1303 3043 ut
1338 2979 1541 3042 videbimus

334 3089 471 3175 cultum
501 3087 606 3152 Isidis
641 3092 677 3152 et
706 3088 887 3170 Serapidis
922 3089 1153 3154 exercebant.
1200 3089 1286 3152 Dies
1321 3087 1436 3151 festus
1468 3087 1541 3150 iam

337 3201 417 3260 tert.
440 3215 471 3261 a.
496 3196 577 3260 Chr.
600 3215 633 3262 n.
657 3214 754 3262 saec.
778 3197 991 3280 celebratur,
1026 3215 1097 3280 qua
1125 3199 1160 3261 in
1188 3213 1319 3279 pompa
1346 3195 1542 3278 canephorl

337 3303 564 3370 incedebant.
613 3305 703 3370 Fere
738 3324 831 3370 anno
858 3303 899 3370 63
925 3325 958 3388 p.
981 3305 1062 3372 Chr.
1089 3324 1121 3369 n.
1156 3311 1276 3370 autem
1307 3305 1420 3369 feriae
1453 3321 1542 3368 vere

437 3579 468 3643 ll)
487 3579 577 3632 Tituli
595 3580 637 3632 ΠΙ
655 3584 704 3636 233
789 3587 957 3634 ΔΙΚΑΙΘΕ
1037 3583 1127 3635 lectio
1142 3581 1216 3633 Ἴσιδι
1232 3581 1277 3633 καὶ
1297 3584 1370 3640 θεοῖς
1388 3583 1544 3646 Αἰγυπτίοις

336 3663 418 3714 omni
436 3663 634 3716 fundamento
655 3669 745 3717 caret.
780 3665 885 3718 Melius
904 3666 1026 3732 legitur:
1052 3669 1127 3724 θοοῖς
1145 3667 1208 3716 πᾶσι
1226 3665 1271 3716 καὶ
1291 3668 1365 3723 θεοῖς
1383 3665 1487 3722 πάσαις.

437 3769 468 3838 1².)
487 3771 601 3824 Tamen
623 3787 744 3840 semper
767 3773 823 3825 viri
847 3773 928 3826 docti
953 3778 1101 3827 conantur
1125 3774 1179 3826 has
1198 3775 1385 3826 narrationes
1403 3777 1437 3826 ut
1454 3787 1543 3826 veras

338 3857 427 3922 tueri,
454 3857 485 3908 in
504 3855 612 3922 quibus
631 3859 808 3923 praesertim
826 3856 966 3924 Foucart‚
995 3855 1065 3909 bist.
1085 3857 1120 3908 olo
1143 3854 1237 3923 l’orip.
1256 3858 1284 3908 ct
1304 3857 1341 3909 de
1363 3856 1393 3908 lo
1410 3857 1472 3908 nat.
1491 3855 1543 3907 des·
1653 3897 1654 3930 3

333 3939 427 4006 myst.
445 3939 580 3991 ol’Eleua
608 3955 788 4007 quamquam
816 3956 877 3994 non
905 3955 980 4008 opus
1008 3945 1053 3993 est
1080 3941 1128 3992 hic
1150 3940 1188 3994 de
1214 3941 1263 3992 illo
1281 3940 1361 3992 libro
1381 3939 1566 4008 disputares
1653 3985 1654 4002 ,

338 4026 440 4075 tamen
457 4022 599 4090 praedico
622 4037 691 4076 eum
718 4039 840 4092 prorsus
865 4025 948 4078 falsis
975 4023 1182 4078 fundamentis
1210 4025 1261 4078 uti.
1297 4023 1389 4077 Cuius
1416 4025 1460 4076 rei
1487 4023 1544 4076 hoc

339 4122 435 4174 solum
463 4123 635 4190 exemplum
664 4124 798 4191 profem,
829 4124 910 4192 quod
938 4124 1064 4177 verbum
1090 4124 1277 4192 Aegyptium
1303 4109 1448 4190 nti‘hrw
1475 4139 1543 4175 cum

334 4214 431 4267 verbo
452 4215 623 4283 Εὐμολπίδαι
642 4217 808 4282 coniungit,
832 4231 891 4283 qua
909 4216 940 4268 in
958 4231 989 4269 re
1008 4215 1194 4283 Masperonis
1214 4216 1417 4283 disputatione
1437 4215 1474 4268 de
1493 4216 1543 4267 illo

336 4297 431 4350 verbo
450 4298 551 4364 utitur,
571 4311 648 4366 quae
666 4298 739 4350 mihi
757 4300 916 4352 falsissima
929 4299 1060 4363 videtum
1080 4301 1273 4367 nequeenim
1291 4299 1329 4352 ad
1348 4305 1469 4351 cantum
1488 4300 1543 4351 serl

339 4379 380 4433 ad
399 4381 543 4433 iudicium
562 4387 688 4449 spectat.
