3334 5358
830 525 1030 588 ...48-

428 727 562 791 Eodem
578 726 683 790 modo
704 723 953 807 propinquitas
969 725 1130 789 locorum
1145 724 1191 787 ad
1207 724 1397 788 colendum
1411 723 1533 787 Iovem

327 835 520 918 Cynthium
543 835 580 898 in
602 834 686 898 fano
706 823 889 914 Serapidis
912 832 1038 896 valuit:
1062 833 1129 912 (23)
1149 839 1209 896 Διῒ
1223 837 1358 917 Κνιδίῳ
1372 828 1535 914 Σαράπιδι

322 941 421 1008 Ἴσιδι
442 940 525 1007 κατὰ
547 939 745 1028 πρόσταγμα
848 941 958 1006 facile
981 941 1088 1024 igitur
1109 941 1188 1006 fieri
1209 945 1338 1024 potest,
1365 946 1404 1004 ut
1426 941 1533 1005 etiam

327 1049 450 1116 titulus
471 1049 513 1116 58
541 1056 599 1115 Ari
623 1053 758 1136 Κανιδίῳ
783 1052 836 1114 καὶ
866 1045 1006 1135 Ἀθηνᾷ
1028 1054 1159 1131 Κνιδίᾳ
1187 1050 1390 1131 dedicatae,
1418 1050 1478 1131 qui
1499 1049 1534 1112 in

326 1159 411 1223 fano
446 1158 594 1223 deorum
615 1158 872 1240 Aegyptiorum
907 1158 1075 1222 inventus
1102 1163 1171 1236 est,
1207 1158 1375 1222 adhunc
1403 1157 1535 1221 cultum

326 1266 516 1332 referatur.

427 1374 563 1440 Bac'chi
597 1375 751 1439 statuam
785 1375 871 1455 poni
905 1375 992 1439 deus
1026 1375 1143 1439 iussit:
1182 1372 1374 1458 Ἀθήναιον
1399 1374 1448 1439 IV
1473 1374 1535 1438 457

329 1482 369 1560 (Β
383 1482 409 1548 Ο
422 1483 455 1546 H
477 1482 527 1546 VI
547 1482 622 1562 479)
653 1480 801 1568 Διονύσῳ
828 1487 882 1546 καὶ
905 1479 1036 1568 Σαρόπι
1062 1481 1092 1548 οἳ
1118 1481 1361 1566 συμβαλόμεναι
1385 1479 1469 1547 κατὰ
1496 1479 1532 1546 τό

326 1589 525 1675 πρόσταγμα
545 1593 604 1656 τοῦ
626 1588 716 1656 θεοῦ.
761 1590 802 1656 Οἳ
823 1590 1065 1675 συμβαλόμεναι
1092 1596 1174 1657 sunt
1200 1591 1234 1672 ii,
1265 1590 1325 1672 qui
1351 1592 1464 1655 semel
1490 1609 1536 1654 ex

328 1701 402 1764 suis
424 1701 532 1764 rebus
556 1701 748 1781 pecuniam
770 1702 1010 1782 contulerunt,
1038 1706 1076 1779 ut
1097 1701 1233 1765 Bacchi
1260 1717 1339 1764 oum
1363 1697 1536 1780 Serapide

328 1808 511 1873 coniuncti
533 1811 690 1872 statuam
712 1815 774 1874 aut
796 1827 896 1874 aram
920 1809 1141 1875 dedicarent.

428 1915 544 1980 utiam
567 1916 735 1982 Dioscuri
757 1917 806 1981 ibi
829 1935 930 1982 aram
954 1922 1016 1982 aut
1038 1923 1194 1982 statuam
1218 1917 1413 1981 habebant:
1437 1915 1538 1980 CIG
1654 1911 1655 1916 ’

327 2024 425 2089 2302;
462 2021 614 2100 Πόπλιος
643 2049 766 2091 ....ου
797 2021 979 2111 Τονταόριος
1006 2021 1092 2110 ὑπὲρ
1123 2023 1239 2091 ἑαυτοῦ
1260 2028 1314 2090 καὶ
1346 2023 1414 2091 τόν
1446 2025 1540 2089 idion

327 2129 492 2216 Σαράπιδι
515 2132 616 2198 Ἴσιδι
641 2129 817 2216 Ἀνοόβιδι
843 2130 1087 2220 ιΑρπο[ιι]ρότει
1108 2131 1314 2218 Διοσκούροις
1333 2186 1340 2200 .
1357 2186 1363 2199 .
1381 2185 1387 2199 .
1406 2133 1537 2214 (itali),

328 2242 388 2324 qui
411 2242 520 2306 etiam
543 2241 627 2306 alibi
650 2259 731 2308 cum
754 2242 807 2306 dis
830 2242 1019 2325 Aegyptiis
1047 2243 1230 2307 coniuncti
1257 2247 1352 2307 sunt:
1388 2242 1433 2307 cf.
1457 2242 1539 2306 Per-

328 2368 482 2432 gamum.
509 2348 627 2431 Saepe
642 2351 678 2413 in
693 2351 851 2416 lucernis
875 2351 1249 2433 (Beger,lucem.118
1272 2356 1309 2416 et
1331 2349 1426 2417 clu
1444 2349 1539 2430 8514,

328 2458 396 2550 ubi
416 2477 534 2540 paene
561 2459 655 2524 alter
679 2458 937 2524 Dioscurorum
963 2458 1209 2541 Harpocrates
1243 2459 1406 2538 videtur).
1451 2455 1541 2520 Ocn-

327 2567 522 2649 iunguntur
551 2585 596 2630 ea
623 2566 667 2630 de
702 2585 822 2646 causa,
858 2567 953 2649 quod
986 2567 1095 2632 etiam
1124 2564 1268 2648 Serapis
1300 2570 1335 2632 et
1361 2566 1429 2629 Isis
1463 2569 1539 2630 θεοὶ

327 2677 464 2758 σωτῆρες
490 2676 580 2739 sunt.

428 2781 606 2846 Locorum
628 2782 895 2866 propinquitate
920 2784 1030 2849 etiam
1051 2785 1320 2867 inscriptiones,
1351 2784 1387 2847 in
1411 2783 1539 2865 quibus

329 2890 365 2954 di
387 2890 481 2972 Syrii
505 2908 587 2954 cum
608 2888 798 2973 Aegyptiis
828 2893 1012 2957 coniuncti
1041 2899 1137 2974 sunt,
1172 2893 1413 2974 explicantur:
1450 2891 1539 2956 Ditt.

327 2997 383 3062 IG
396 2999 472 3064 764.
500 2998 599 3064 Ισιδι
613 3005 756 3086 Σωτείρᾳ
777 2996 940 3086 Ἀστόρτει
961 2995 1130 3092 Αφροδότη
1150 3004 1204 3065 ιιαι
1227 2999 1345 3087 Ἔρωτι
1365 2996 1541 3086 Ἅρφοκρό·

328 3131 376 3171 τει
403 3104 588 3173 Ἀπόλλωνι
610 3108 670 3188 (ef.
685 3127 766 3191 pag.
778 3109 908 3190 468q.;)
931 3108 1045 3174 BOH
1064 3109 1113 3172 VI
1134 3106 1210 3175 502:
1236 3104 1320 3173 κατὰ
1340 3105 1541 3194 πρόσταγμα

324 3213 504 3302 Ὀσεόριδος
524 3224 581 3282 Διι
606 3214 651 3303 τῷ
672 3215 810 3282 πάντων
835 3214 1005 3303 κρατοῦντι
1031 3221 1085 3282 καὶ
1109 3220 1218 3303 Μητρὶ
1240 3213 1431 3310 Μεγάλῃ
1394 3241 1432 3308 τῃ
1454 3214 1537 3281 πάν·

327 3348 394 3390 των
415 3324 626 3417 κραταόση..
643 3327 757 3406 .;hoc
780 3327 923 3409 quidem
945 3326 1072 3391 mirum
1095 3330 1151 3390 est
1137 3324 1302 3391 tOsirim
1323 3326 1417 3406 (loco
1440 3321 1541 3388 Sera·

328 3433 421 3514 pidis
444 3434 645 3515 positum)
635 3435 782 3499 iussisse
806 3435 860 3498 dis
882 3432 993 3516 Syriis
1017 3433 1151 3517 aliquid
1174 3434 1343 3498 dedicari.
1381 3433 1542 3498 Tertium

330 3541 582 3606 documentum
602 3543 673 3606 iam
692 3542 735 3608 H.
747 3542 786 3606 B.
801 3546 903 3607 recte
924 3541 1122 3623 explicavit
1138 3543 1218 3622 (24):
1240 3539 1324 3606 κατὰ
1342 3540 1543 3628 πρόσταγμα

315 3648 495 3735 ΙΣαρόπιος
518 3649 621 3726 Ἴσιος
649 3646 827 3732 ’Λνοόβιος
853 3651 1054 3737 ’Λφροδότης
1079 3647 1316 3726 Ἀπολλώνιος
1340 3647 1542 3736 Ἀσκληπιο-

327 3755 434 3842 δοόρον
462 3754 546 3841 ὑπὲρ
572 3763 639 3822 etc.
667 3755 726 3842 τὴν
755 3755 917 3838 ἀνάβασιν
945 3761 999 3822 καὶ
1027 3755 1102 3836 τούς
1129 3764 1256 3842 τολχονς
1283 3765 1342 3835 ἕως
1369 3761 1425 3825 τοῦ
1457 3755 1541 3824 ναοῦ

327 3865 384 3930 ἐπὶ
407 3864 514 3950 ἱερόως
528 3863 698 3948 ΖόνῙιονος]
720 3867 950 3950 Διοσκοορόδοο
964 3865 1202 3950 Λα[μπτρόαιςῂ
1226 3885 1306 3932 cum
1331 3867 1418 3932 dicit
1439 3867 1541 3931 iuxta

330 3973 416 4037 deos
440 3975 637 4056 Aegyptios
659 3974 839 4039 Venerem
865 3975 899 4054 (i.
919 3993 949 4040 e.
972 3976 1167 4055 Astartem)
1189 3975 1337 4040 iussisse
1361 3975 1480 4040 scalas
1503 3979 1540 4039 et

328 4098 448 4145 muros
483 4081 790 4165 dedicarifquod
824 4101 869 4147 ea
901 4084 1073 4164 templum
1100 4083 1254 4148 Veneris
1288 4086 1324 4146 et
1357 4082 1539 4168 Serapidis

329 4190 607 4273 coniungebant.
639 4191 756 4274 Atque
770 4192 958 4274 inscriptio
982 4193 1037 4256 bis
1052 4192 1234 4274 insculpta
1250 4193 1335 4257 erat
1352 4191 1407 4272 (24
1423 4199 1459 4256 et
1473 4190 1538 4272 25),

329 4314 480 4379 quarum
509 4289 626 4364 altera
654 4300 731 4364 sine
762 4300 868 4365 dubio
896 4301 934 4364 in
961 4299 1115 4364 Astartis
1147 4301 1262 4364 altera
1291 4300 1328 4364 in
1356 4298 1537 4381 Serapidis

330 4406 463 4488 templo
486 4407 605 4488 posita
629 4412 715 4472 erat.
