3334 5358
644 515 855 579 ..57-

145 714 421 795 Melanophoros
444 713 615 778 Deliacos
644 715 753 795 igitur
783 732 864 778 eum
895 715 992 778 clero
1021 714 1080 795 qui
1108 713 1238 778 dicitur
1260 731 1353 777 eom-

145 841 276 904 parare
298 839 487 904 possumus
507 839 624 904 neque
646 822 877 904 interpretari
901 826 938 886 ut
953 820 1107 903 Lafaye:
1131 822 1297 906 confraria
1312 824 1353 886 de

144 933 272 996 moines
300 932 465 1014 inlaquea·
498 949 614 1014 neque
644 932 738 996 onim
767 933 882 1014 loona,
917 931 976 1016 qui
1004 931 1166 1012 affertur,
1199 930 1353 1014 Eunapii

146 1040 312 1118 (Αῖδέσιος
344 1039 489 1119 78-81)
527 1040 570 1103 de
605 1040 790 1105 monachis
825 1039 1036 1106 Christianis
1070 1040 1193 1122 nigras
1226 1045 1350 1106 vestes

147 1149 346 1214 ferentibus
377 1149 423 1213 ad
451 1149 559 1214 haee.
575 1152 738 1231 tempora
766 1149 957 1232 quiequam
987 1149 1095 1214 valet.
1146 1147 1354 1234 Θεραπευιὴς

147 1261 266 1322 autem
287 1257 463 1339 principio
491 1257 578 1322 nihil
604 1258 701 1322 aliud
724 1261 910 1339 astatque
933 1258 993 1340 qui
1015 1258 1102 1321 deos
1127 1257 1222 1322 colit.
1265 1257 1353 1321 Tum

148 1367 193 1430 de
223 1367 399 1446 omnibuS‚
434 1366 493 1448 qui
524 1370 663 1430 eertum
693 1367 798 1429 deum
829 1367 964 1440 oolunt,
996 1366 1135 1446 dieitur,
1168 1370 1207 1430 ut
1229 1370 1355 1430 nostra

146 1474 270 1554 lingua
296 1473 476 1538 Gemeiode
508 1474 567 1550 (ef.
595 1474 771 1539 Aristides
801 1473 856 1556 lap.
880 1475 947 1554 lor.
970 1471 1186 1555 β’301,11),,
1218 1492 1288 1556 qua
1317 1474 1354 1536 vi
1380 1502 1381 1506 ¹

149 1583 256 1646 etiam
279 1581 517 1664 therapeutas
540 1581 681 1646 Deliaci
704 1587 859 1647 utuntur.

248 1706 457 1788 Reperimus
495 1711 614 1772 autem
658 1708 766 1772 etiam
810 1708 906 1772 aliud
950 1707 1064 1771 simile
1107 1725 1234 1770 munus
1272 1707 1352 1786 (13);

144 1811 380 1890 Ἀπολλώνιος
404 1821 553 1898 Χαρμίου
586 1813 831 1903 σινδονοφόρος,
866 1816 959 1898 quod
994 1816 1120 1880 eodem
1149 1816 1254 1879 modo
1284 1833 1353 1898 quo

148 1921 370 2010 μιλανηφόροι
392 1923 649 1988 declarandum
672 1929 740 1988 est:
773 1925 893 1990 linteis
919 1925 1081 1989 vestibus
1109 1923 1276 2007 progredi
1303 1941 1382 1986 so-.

150 2033 272 2096 lebant
308 2031 367 2110 (ei.
391 2029 517 2096 Strabo
540 2031 606 2096 XV
629 2032 704 2099 711:
736 2031 954 2098 Διονυσιακὸν
985 2033 1022 2098 δὲ
1052 2035 1106 2098 καὶ
1139 2030 1176 2097 τό
1213 2032 1355 2097 diodoro-

149 2141 282 2225 φορεῖν).
802 2139 804 2144 ’

250 2265 352 2329 Haeo
381 2265 457 2328 fere
488 2269 583 2342 sunt,
617 2283 708 2347 quae
736 2265 779 2330 de
808 2266 955 2330 deorum
977 2267 1234 2350 Aegyptiorum
1259 2267 1355 2331 cultu

152 2373 301 2438 Deliaco
325 2374 402 2437 erui
423 2378 605 2455 poterant;
629 2391 734 2455 quem
758 2374 847 2438 adeo
870 2375 1032 2438 floruisse
1054 2393 1096 2438 eo
1118 2374 1232 2456 magis
1255 2391 1355 2455 prae-

154 2482 343 2546 dicandum
366 2487 430 2564 est,
458 2483 551 2564 quod
573 2483 654 2547 Deli
676 2483 822 2546 numina
844 2480 984 2547 Graeca
1007 2483 1242 2564 oeloberrima
1265 2483 1356 2548 eole-

151 2591 289 2654 bantur.

337 3079 447 3176 Vll.
493 3079 709 3174 Insulae
744 3079 915 3175 maris
950 3079 1169 3198 Aegaei.

255 3406 394 3471 Cultum
422 3408 568 3471 deorum
590 3407 848 3489 Aegyptiorum
874 3407 910 3470 in
937 3407 1060 3473 insulis
1087 3408 1196 3471 maris
1219 3407 1357 3488 Aegaei

155 3516 309 3579 maxime
331 3515 490 3597 viguisse
513 3533 584 3578 non
610 3495 737 3578 mirum
765 3519 832 3597 est,
867 3527 948 3579 oum
975 3517 1178 3596 complures
1201 3515 1357 3598 Aegypti

155 3641 258 3705 reges
292 3625 447 3688 saeculis
473 3623 523 3688 ΠΙ
550 3629 586 3688 et
614 3625 648 3688 ll
680 3625 804 3688 insulis
839 3625 1009 3688 dominati
1038 3625 1119 3688 sint.
1162 3624 1203 3688 In
1231 3624 1356 3687 insulis

155 3733 274 3818 Andro
296 3737 332 3796 et
346 3733 384 3796 Io
399 3733 503 3796 Isidis
522 3733 646 3814 hprnni
660 3734 795 3816 reperti
811 3738 893 3797 sunt
912 3733 993 3814 (XII
1008 3732 1037 3815 5,
1050 3733 1112 3799 739
1127 3737 1163 3796 et
1178 3732 1356 3814 append).

153 3839 276 3922 Neque
310 3858 398 3904 vero
431 3841 517 3905 mihi
550 3860 638 3923 opus
672 3845 728 3906 est
759 3842 820 3906 hio
852 3843 913 3904 illa
949 3841 1165 3905 documenta
1197 3845 1356 3905 tractare

154 3952 356 4031 propterea,
380 3949 475 4029 quod
496 3967 569 4013 non
591 3950 637 4013 ad
661 3951 795 4013 nultum
818 3954 999 4032 spectant;
1022 3949 1109 4012 nihil
1130 3948 1190 4012 hic
1214 3949 1356 4031 quidem

155 4075 219 4120 nos
243 4056 374 4120 donent
396 4057 465 4121 nisi
486 4058 535 4121 ibi
558 4059 691 4122 cultum
713 4059 818 4122 Isidis
841 4058 962 4122 fuisse.

254 4180 296 4245 In
317 4182 435 4245 insula
456 4182 498 4245 Io
525 4187 671 4263 praeter
697 4183 793 4247 huno
818 4155 1024 4246 titulumab
1048 4182 1191 4246 homine
1214 4182 1357 4263 privato

156 4290 264 4353 Εἴσιδι
296 4286 460 4375 Σαράπιδι
494 4287 668 4371 Ἀνοίιβιδι
702 4288 733 4355 κ’
768 4288 980 4382 Ἀρποκράτῃ
1016 4308 1113 4355 saec.
1146 4290 1180 4352 Π
1213 4296 1274 4354 aut
1306 4290 1358 4356 III

155 4416 188 4478 p.
211 4395 292 4462 Chr.
315 4417 346 4461 n.
374 4398 577 4463 dedicatum
603 4400 737 4464 nullum
764 4403 864 4462 extat
890 4399 1153 4466 documentum.
