3334 5358
532 462 820 569 &39-

10 705 11 710 ’
110 707 261 770 deorum
276 703 538 788 Aegyptiorum
560 705 677 770 cultus
700 705 924 769 introductus
947 705 1002 785 sit,
1025 723 1071 768 ne
1094 703 1154 768 hic
1178 703 1323 785 quidem

109 813 260 894 scimus3
284 814 438 896 primum
454 813 706 877 documentum
722 813 815 896 quod
831 817 941 895 extat,
960 813 1121 878 rationes
1137 813 1322 877 archontis

108 924 279 989 Demaris
318 923 432 1003 (circa
468 923 526 986 180
559 940 590 987 a
618 921 698 986 Chr.
725 941 758 984 n.
792 919 905 985 BCH
936 921 985 986 VI
1016 921 1058 985 20
1074 939 1150 1002 sqq.
1183 921 1225 986 29
1241 937 1320 1001 sqq.

109 1031 197 1096 Ditt.
222 1033 281 1096 le
303 1031 377 1108 588)
407 1037 605 1116 Σαραπιεϊον
634 1038 671 1094 et
695 1025 827 1095 Ἰσιεῑον
856 1029 999 1111 saepius
1029 1034 1320 1094 commemorant.

107 1139 211 1204 Tune
241 1141 351 1222 igitur
378 1139 495 1204 cultus
525 1140 598 1203 iam
619 1139 777 1204 florebat.
823 1135 966 1219 Contra,
1000 1155 1217 1219 quamquam
1239 1137 1322 1200 Deli

108 1247 312 1312 Ptolemaei
338 1265 360 1310 a
389 1247 513 1329 primis
541 1247 650 1311 annis
682 1247 831 1311 multum
862 1245 1046 1326 valebant,
1081 1246 1217 1312 cultum
1249 1243 1321 1309 iam

108 1357 229 1437 prima
252 1356 349 1420 tertii
371 1355 508 1420 saeculi
531 1363 635 1436 parte
659 1354 899 1419 introductum
927 1372 1008 1418 esse
1031 1373 1102 1418 non
1124 1353 1319 1418 verisimile

110 1471 176 1546 est,
213 1464 308 1546 quod
330 1463 594 1545 inscriptiones,
626 1463 840 1545 praesertim
861 1463 1030 1544 rationes,
1064 1461 1161 1526 tertii
1183 1462 1320 1526 saeculi

110 1573 153 1636 de
178 1573 236 1636 dis
250 1571 440 1654 Aegyptiis
456 1571 544 1635 nihil
559 1572 722 1636 afferunt.
755 1569 909 1636 Primum
930 1572 1038 1652 igitur
1053 1574 1318 1635 monumentum

13 1675 16 1684 ⁴
109 1699 206 1744 anno
243 1680 389 1744 circiter
420 1679 479 1742 180
511 1680 690 1760 tribuitur,
723 1672 798 1743 tum
831 1683 951 1743 autem
985 1680 1101 1743 cultus
1137 1679 1181 1743 iis
1215 1680 1317 1744 annis

107 1790 267 1853 maxime
291 1789 403 1865 floret,
429 1788 556 1868 quibus
571 1787 811 1852 Athenienses
835 1788 985 1852 insulam
1001 1790 1139 1867 tenent;
1163 1788 1207 1851 ab
1224 1805 1318 1851 anno

112 1897 209 1978 tssefs
232 1897 435 1978 (catalogus
459 1897 688 1960 sacerdotum
710 1895 836 1978 incipit
857 1896 919 1959 vel
940 1914 962 1959 a
987 1895 1112 1975 laurac)
1136 1913 1248 1978 usque
1272 1895 1319 1959 ad

107 2007 249 2070 initium
282 2006 387 2086 primi
420 2023 452 2069 a.
480 2003 562 2070 Chr.
588 2024 621 2068 n.
656 2005 793 2068 saeculi
825 2004 1013 2068 continuus
1046 2003 1318 2084 inscriptionum

108 2114 196 2178 ordo
221 2117 387 2178 servatus
404 2119 469 2187 est,
494 2130 585 2194 quae
609 2113 743 2178 cultum
765 2113 862 2176 illum
877 2111 959 2174 Deli
980 2110 1125 2175 maximi
1148 2107 1317 2174 momenti

108 2222 223 2287 fuisse
241 2223 498 2286 demonstrant.
531 2220 654 2302 Neque
669 2238 757 2285 vero
780 2223 860 2301 post
879 2219 919 2282 88
941 2219 1049 2283 ullum
1066 2219 1318 2282 documentum

108 2334 225 2406 extat,
258 2334 297 2393 ut
326 2333 486 2394 statuere
515 2331 692 2411 possimus
721 2330 852 2393 cultum
884 2329 1030 2392 deorum
1059 2327 1318 2410 Aegyptiorum

107 2439 227 2503 insula
251 2439 304 2501 bis
327 2441 473 2502 vastata
495 2456 566 2500 non
589 2438 791 2502 restitutum
814 2455 904 2500 esse.

211 2546 300 2612 Cum
334 2547 442 2630 igitur
475 2547 691 2609 documenta
722 2545 798 2609 fere
832 2544 950 2608 omnia
967 2545 969 2550 ’
987 2543 1089 2606 annis
1124 2542 1317 2624 octoginta,

109 2657 238 2738 quibus
261 2655 502 2719 Athenienses
529 2654 682 2717 insulam
709 2658 843 2733 tenent,
877 2651 1104 2716 attribuenda
1127 2651 1206 2730 sint,
1240 2650 1318 2714 fieri

108 2767 239 2845 potest,
266 2770 306 2828 ut
332 2781 403 2827 non
430 2764 590 2842 singulas
613 2763 867 2842 inscriptiones
890 2766 1044 2826 tractem
1068 2759 1131 2823 sed
1154 2759 1316 2822 omnibus

109 2873 313 2937 coniunctis
338 2889 465 2936 eruere
489 2889 608 2952 coner,
638 2888 728 2953 quae
756 2871 800 2933 de
824 2870 877 2933 dis
899 2868 1084 2952 Aegyptiis
1107 2867 1189 2930 Deli
1212 2867 1316 2930 cultis

109 2981 181 3045 dici
216 2984 378 3063 possunt.
436 2979 740 3044 Proficiscendum
781 2982 837 3042 est
878 2977 963 3040 mihi
999 2995 1021 3040 a
1058 2976 1184 3039 charta
1220 2980 1317 3056 topo-

110 3089 295 3171 graphica,
319 3106 425 3170 quam
448 3088 490 3152 H.
506 3087 678 3166 Besnault
701 3087 770 3150 dat.
805 3086 921 3150 Locus
945 3091 1001 3148 est
1022 3085 1150 3166 planus
1169 3083 1206 3145 in
1222 3083 1315 3146 clivo

109 3199 241 3262 montis
259 3197 403 3279 Cynthii
426 3197 514 3267 situs
538 3197 818 3278 septentrionem
834 3211 1011 3276 ·vergens;
1033 3209 1135 3256 mons
1159 3209 1181 3254 a
1202 3191 1315 3254 latere
1366 3217 1367 3220 ¹

110 3307 248 3370 oriente
283 3305 458 3386 exsurgit,
493 3305 650 3368 alatere
684 3304 873 3368 occidente
906 3303 943 3364 in
970 3301 1097 3365 fauces
1118 3298 1315 3388 profundas
1359 3295 1360 3298 ’

110 3413 280 3476 defertur.
324 3411 562 3492 Praecipuum
596 3412 797 3475 aedificium
831 3413 885 3474 est
911 3409 1083 3489 templum
1104 3407 1184 3471 loeo
1207 3407 1314 3488 paulo

110 3523 296 3603 superiore
320 3520 425 3584 situm
446 3537 552 3601 quam
574 3520 751 3602 planities,
775 3519 868 3601 quod
884 3519 1071 3599 angiportu
1087 3517 1316 3580 coniunctum

109 3637 166 3696 est
188 3651 270 3697 cum
285 3632 346 3695 via
367 3629 558 3713 principali
580 3630 655 3692 fani
670 3629 847 3710 lapidibus
871 3627 1053 3710 quadratis
1070 3629 1191 3701 strata,
1216 3625 1315 3688 cuius

108 3741 143 3804 in
174 3741 347 3805 lateribus
382 3743 522 3803 statuae
552 3739 686 3801 multae
720 3737 773 3799 dis
807 3737 996 3800 dedicatae
1029 3734 1168 3816 positae
1202 3736 1314 3798 crant.
1377 3727 1378 3730 ’

110 3849 212 3930 Quae
245 3851 307 3912 via
340 3849 386 3914 ad
419 3849 536 3912 locum
572 3845 784 3927 quadratum
816 3844 993 3924 lapidibus
1027 3845 1178 3905 stratum
1208 3840 1314 3920 ducit,

109 3959 169 4023 ubi
206 3958 410 4039 complures
447 3955 552 4018 sedes
587 3961 624 4017 et
656 3954 762 4016 bases
796 3955 931 4016 extant.
986 3949 1190 4032 Sequuntur
1225 3950 1316 4012 muri

109 4067 347 4149 posteriorum
376 4069 577 4145 temporum
605 4070 641 4126 et
668 4071 741 4124 tum
769 4061 922 4142 spatium
954 4059 995 4123 20
1022 4077 1066 4122 m.
1093 4060 1246 4140 largum,
1278 4058 1315 4121 in

110 4184 177 4258 quo
201 4176 318 4240 nullus
341 4191 462 4239 murus
491 4173 658 4235 inventus
686 4175 755 4249 est;
787 4174 868 4250 post
899 4167 991 4250 quod
1022 4166 1128 4232 sedes
1155 4183 1247 4246 quae
1274 4183 1313 4229 se

109 4283 157 4346 ad
177 4300 314 4348 murum
338 4280 510 4362 applicat3
532 4279 627 4342 unde
642 4279 703 4341 via
724 4278 900 4358 lapidibus
923 4279 1038 4339 strata
1053 4275 1098 4339 ad
1115 4274 1315 4338 aedificium

109 4391 300 4454 rotundum
333 4389 431 4452 ducit
465 4388 620 4451 alienum
653 4405 675 4449 a
708 4386 761 4448 dis
789 4384 977 4466 Aegyptiis
1009 4383 1115 4464 (quod
1147 4381 1313 4462 Lebbgue
