3334 5358
663 499 876 566 „29-

166 701 308 768 colitur:
340 701 460 766 Herm.
479 700 598 765 XXVI
620 697 692 768 150:
721 697 936 788 ιΑρποχροίτοι
957 697 979 766 ἆ
1001 698 1099 778 πόλις
1121 698 1143 765 ἆ
1166 707 1373 788 Λαρισαίουν

164 811 416 896 λειτουργίοντος
437 807 676 876 ’Λπολλουνῑοι
694 807 870 876 ‘laniatos
916 808 1095 874 Cultorem
1123 810 1212 876 deae
1245 829 1373 893 cogno·

166 920 300 984 scimus
328 937 374 984 cx
401 919 619 1002 anaglypho:
653 918 788 982 Mittcil.
808 919 888 983 Ath.
908 917 960 982 XI
981 918 1022 984 53
1045 937 1078 984 n.
1093 919 1150 999 20;
1174 925 1229 1004 cst
1252 921 1374 984 tabula

166 1028 379 1110 sepulcralis
414 1028 508 1092 fabri
541 1027 738 1110 cuiusdam,
772 1029 808 1092 in
842 1045 913 1110 qua
945 1028 1045 1092 iuxta
1079 1045 1158 1092 eum
1186 1028 1222 1092 in
1248 1029 1372 1093 labore

165 1141 382 1218 occupatum
406 1136 550 1200 sistrum
573 1136 754 1218 depictum
778 1142 848 1216 est3
879 1137 973 1218 quod
1001 1137 1072 1202 alio
1094 1138 1198 1202 modo
1223 1138 1374 1220 intelligi

165 1264 238 1309 non
265 1249 394 1328 potest,
426 1245 494 1309 nisi
521 1245 662 1310 fabrum
684 1244 781 1308 illurn
805 1245 890 1310 deos
913 1245 1110 1328 Aegyptios
1133 1248 1192 1328 pie
1216 1248 1370 1312 coluisse

164 1357 343 1436 putamus.
386 1353 500 1419 Aliter
522 1372 580 1418 res
605 1371 644 1419 se
672 1354 781 1420 habet
807 1355 843 1418 in
870 1353 986 1418 altera
1015 1355 1137 1420 tabula
1165 1356 1372 1438 sepulcrali:

165 1461 254 1526 Mitt.
270 1461 350 1527 Ath.
365 1461 416 1526 XI
434 1462 493 1526 120
515 1481 548 1526 n.
564 1461 614 1543 76,
639 1466 836 1546 temporum
858 1462 1011 1530 fortasse
1034 1463 1221 1530 Hadriani:
1251 1468 1372 1529 Κοΐντα

165 1577 291 1636 Eraria
307 1567 471 1656 Ἐπιγόνη
504 1569 598 1658 ἣρως
631 1577 686 1636 est
715 1571 850 1650 horma,
883 1571 919 1634 in
948 1589 1016 1653 quo
1040 1572 1184 1636 sistrum
1208 1577 1244 1636 et
1266 1573 1373 1637 situla

167 1681 313 1762 depicta
335 1685 426 1745 sunt.
460 1678 557 1758 Quas
580 1699 639 1744 res
663 1681 872 1746 sacerdotes
896 1683 1040 1762 gestare
1063 1698 1144 1746 cum
1165 1680 1371 1763 viderimus,

166 1795 253 1872 puto
276 1787 341 1870 Qu.
363 1788 514 1854 Statiam
537 1789 765 1884 sacerdotem
787 1789 891 1853 Isidis
914 1788 1107 1854 Larisaeac
1131 1789 1253 1855 fuisse.

266 1923 383 1988 Etiam
426 1923 521 1987 aliud
562 1923 804 1988 sacerdotium
847 1922 948 1986 nobis
991 1922 1161 1988 traditum
1203 1941 1284 1988 esse
1327 1923 1371 1988 ab

166 2033 318 2114 Apuleio
342 2033 438 2112 (met.
454 2032 487 2096 ll
507 2032 560 2110 28)
585 2031 708 2097 dicunt
723 2031 890 2112 Drexler‚
910 2049 943 2114 p.
959 2030 1020 2096 387
1044 2035 1080 2094 et
1102 2031 1248 2114 Lafaye,
1272 2051 1305 2114 p.
1321 2033 1372 2100 77.

166 2141 221 2206 lbi
245 2141 338 2206 enim
361 2144 486 2206 narrat
507 2141 647 2206 iuvenis
671 2141 814 2223 quidam
840 2140 1157 2218 narratiunculam,
1191 2159 1283 2224 quae
1307 2141 1374 2205 sibi

168 2249 318 2314 Larisae
352 2249 537 2314 acciderit.
588 2249 652 2312 Est
684 2250 843 2314 narratio
876 2250 1086 2315 Thessalica
1119 2253 1198 2315 arte
1230 2250 1374 2332 magica

168 2359 348 2440 conferta,
381 2359 417 2423 in
445 2376 515 2442 qua
538 2357 926 2440 Zatchlas'Aegyptius
954 2363 1264 2441 commemoratur,
1297 2377 1374 2441 pro·

166 2469 280 2550 pheta
301 2468 498 2550 primarius,
522 2484 651 2549 nempe
668 2467 814 2532 deorum
829 2466 1097 2550 Aegyptiorum,
1122 2469 1181 2551 qui
1196 2473 1373 2533 mortuum

164 2577 346 2659 ‚quendam
380 2595 503 2641 coram
541 2576 701 2640 omnibus
739 2576 922 2640 excitavit.
978 2574 1057 2656 Qua
1089 2560 1135 2641 ex
1168 2577 1373 2642 narratione

169 2686 342 2766 colligunt
375 2685 425 2749 illi
448 2684 596 2749 Larisae
631 2684 739 2748 cultui
762 2684 878 2749 Isiaco
911 2685 1126 2767 prophetam
1158 2685 1373 2766 praefuisse;

169 2815 237 2879 ego
260 2795 347 2859 nihil
370 2794 493 2859 exilia
514 2793 635 2857 fabula
658 2793 787 2875 colligo
810 2812 927 2876 neque
951 2793 995 2857 de
1016 2795 1114 2859 cultu
1129 2793 1233 2858 Isidis
1257 2811 1374 2876 neque

171 2905 217 2968 de
240 2904 342 2968 titulo
366 2901 574 2968 sacerdotis.
619 2899 712 2981 Quin
735 2902 843 2966 etiam
866 2903 896 2966 si
923 2903 992 2967 hoc
1019 2903 1162 2967 unicum
1191 2907 1289 2968 esset
1315 2904 1374 2967 do·

170 3016 387 3094 cumentum,
419 3030 465 3075 ne
500 3011 633 3075 cultum
667 3011 810 3092 quidem
842 3011 945 3076 Isidis
969 3011 1115 3076 Larisae
1148 3012 1258 3076 fuisse
1292 3029 1373 3077 con-

169 3121 317 3185 cludere
343 3120 481 3184 liceret.

270 3253 406 3318 Titulus
429 3252 651 3336 Serapidiet
673 3253 758 3318 Isidi
785 3254 971 3319 dedicatus
999 3253 1091 3341 (Ἐφ.
1114 3251 1183 3341 ἀρχ.
1210 3254 1299 3338 1900,
1320 3255 1375 3336 58)

169 3363 208 3426 in
230 3362 311 3427 vico
336 3367 434 3443 Μέγα
458 3363 605 3445 Καισερλί
632 3363 810 3442 inventus
841 3363 901 3444 qui
924 3363 968 3427 ab
992 3364 1079 3427 urbe
1103 3362 1228 3428 Larisa
1250 3363 1377 3447 viginti

169 3466 246 3542 fere
270 3471 367 3536 milia
388 3490 559 3554 passuum
574 3473 687 3554 abest,
711 3472 902 3536 ostendere
922 3471 1065 3536 videtur
1080 3473 1215 3536 cultum
1231 3473 1376 3537 deorum

169 3580 429 3662 Aegyptiorum
453 3581 562 3644 etiam
584 3581 620 3644 in
643 3581 724 3645 vico
747 3579 917 3644 Larisaeo
940 3579 1063 3644 fuisse.

272 3713 543 3778 Demetriade
568 3719 640 3778 tres
664 3714 917 3796 inscriptiones
934 3713 1116 3796 Serapidis
1140 3715 1274 3778 cultum
1296 3731 1377 3779 con·

170 3823 314 3886 firmant
335 3823 449 3905 primo
473 3840 503 3886 a.
520 3819 602 3888 Chr.
619 3841 651 3886 n.
675 3823 821 3887 saeculo
845 3822 1110 3887 attribuendae:
1134 3823 1168 3902 a)
1191 3822 1278 3888 Mitt.
1295 3822 1376 3887 Ath.

171 3931 446 4014 V11355sqq.21)
471 3932 506 4011 b)
522 3931 588 3995 XV
599 3931 661 3996 302
678 3933 711 4012 c)
725 3930 789 3994 Vll
804 3930 875 3996 338.
902 3930 1051 3995 Praeest
1067 3931 1178 3994 cultui
1194 3931 1377 4012 sacerdos

171 4041 231 4122 qui
264 4041 309 4104 ab
343 4041 429 4104 urbe
463 4040 670 4104 instituitur:
709 4041 743 4119 a)
775 4035 896 4124 [ἐπειδὴ
926 4045 1048 4125 Κρίτων
1077 4037 1249 4126 Κρί]τωνος
1280 4063 1376 4102 κατα·

170 4151 307 4225 σταθεὶς
327 4144 394 4215 ὑπὸ
416 4145 470 4233 τῆς
493 4145 631 4230 [πόλεως
646 4146 755 4236 {lapsus
769 4146 826 4213 τοῦ
842 4146 1029 4233 Σαράπιδος
1044 4152 1124 4230 ete.²
1148 4147 1206 4229 qui
1222 4147 1377 4212 fortasse

193 4451 198 4458 -
273 4414 359 4484 21)ln
376 4415 485 4470 eodem
501 4415 602 4484 lapide
619 4420 726 4485 postea
742 4416 937 4469 manumissio
955 4415 1107 4484 insculpta
1128 4418 1182 4468 est.
