3334 5358
648 487 857 552 ..17-

147 692 349 776 Aegyptiae
365 690 524 756 Athenas
547 689 829 767 introducuntur,
851 689 888 752 in
911 687 1037 769 quibus
1058 684 1170 752 Osiris
1192 689 1351 752 mortuus

148 802 301 882 lugetur.
339 799 488 863 Praeter
508 799 578 862 hoc
600 795 781 880 Serapidis
797 797 973 879 Isidisque
996 797 1168 879 templum
1190 796 1299 860 etiam
1321 797 1358 859 in

152 909 247 973 clivo
270 907 497 972 meridionali
512 907 607 970 arcis
623 907 795 989 templum
809 906 913 970 Isidis
929 909 1007 970 erat
1022 923 1134 987 prope
1150 905 1357 987 Aesculapii

150 1022 186 1081 et
209 1016 360 1082 Veneris
389 1016 524 1098 templa
552 1015 673 1096 situm,
705 1033 853 1098 quorum
880 1010 996 1078 cultus
1024 1014 1071 1090 ad
1092 1013 1197 1078 Isidis
1224 1013 1357 1096 aliquid

151 1126 348 1190 contulisse
370 1125 522 1188 videtur.
556 1121 634 1203 Quo
657 1124 841 1205 intemplo
864 1123 1059 1205 praecipue
1074 1122 1141 1186 Isis
1161 1122 1355 1203 colebatur,

151 1251 368 1317 quamquam
395 1233 504 1298 etiam
528 1231 692 1315 Serapidi
719 1249 827 1295 sacra
852 1231 994 1296 fiebant.
1038 1230 1106 1295 Hic
1128 1229 1195 1294 Isis
1219 1231 1357 1294 somnia

151 1343 227 1416 dat,
261 1341 345 1406 lsidi
377 1342 547 1429 λυχναψία
580 1341 799 1421 celebratur;
836 1358 907 1423 qua
939 1340 975 1403 in
1007 1357 1139 1422 pompa
1172 1357 1279 1404 sacra
1311 1340 1355 1404 ab

149 1451 382 1533 hagiaphoris
430 1451 674 1532 portabantur.
741 1450 866 1515 Statua
908 1448 1032 1534 Isidis
1061 1449 1106 1513 ab
1155 1449 1356 1513 hierostolis

149 1559 374 1624 vestiebatur
396 1563 431 1622 et
447 1559 652 1623 ornabatur.
687 1557 895 1622 Sacerdotio
919 1558 1064 1622 functae
1088 1575 1169 1622 esse
1188 1558 1356 1624 videntur

152 1667 331 1732 mulieres.
1201 1662 1204 1668 ’

571 2201 633 2300 ΙΙ.
704 2201 946 2299 Boeotia.

168 2595 172 2602 ,
253 2531 360 2596 Multo
383 2531 509 2595 melius
533 2531 577 2595 de
600 2530 802 2594 numinibus
818 2530 1005 2612 Aegyptiis
1028 2531 1065 2595 in
1081 2530 1229 2596 Boeotia
1251 2531 1355 2597 cultis

153 2640 283 2704 eruditi
317 2658 447 2706 sumus.
493 2637 742 2705 Orchomeni
776 2643 811 2703 et
844 2638 1114 2704 Chaeroneae
1148 2658 1272 2705 servos
1306 2640 1356 2704 ita

153 2749 389 2812 manumissos
418 2765 509 2829 esse,
543 2752 582 2812 ut
608 2747 693 2812 Isidi
716 2746 949 2830 Serapidique
983 2748 1247 2830 dedicarentur,
1279 2767 1357 2831 per*

152 2876 304 2938 magnus
338 2857 518 2922 titulorum
550 2875 718 2922 numerus
751 2861 913 2923 testatur.
957 2857 1011 2921 De
1046 2875 1115 2938 quo
1142 2875 1241 2922 more
1275 2874 1357 2926 cum

154 2966 240 3031 alibi
273 2969 347 3030 tum
380 2965 530 3047 Delphis
566 2965 703 3048 vigenti
740 2965 930 3048 diligenter
962 2966 1131 3049 mucan,
1167 2969 1263 3030 mem.
1296 2987 1356 3030 eur

153 3075 342 3159 l'offrohch.
359 3076 416 3139 des
439 3075 582 3138 esclaves
601 3095 670 3158 par
688 3076 799 3159 forme
822 3076 862 3138 de
884 3083 977 3139 vente
999 3082 1100 3139 dune
1122 3076 1261 3142 divinite
1284 3077 1357 3157 egit

154 3187 262 3265 atque
279 3201 393 3265 nuper
408 3183 572 3264 Dareste‚
596 3182 841 3265 Haussoulier‚
857 3183 1027 3266 Reinach‚
1049 3184 1150 3250 inser.
1166 3185 1279 3271 jorid.
1296 3184 1355 3250 Gr.

155 3293 214 3354 He
236 3295 299 3356 se'r.
322 3293 353 3370 2,
364 3291 436 3357 237.

256 3422 484 3490 Orchomenii
510 3425 602 3488 tituli
629 3429 712 3488 sunt
734 3425 799 3488 VII
825 3425 1055 3505 3198-3204,
1084 3423 1357 3490 Chaeronenses

126 3533 376 3598 ·3301-3399.
419 3532 713 3598 Inscribebentur
741 3517 861 3600 autem
886 3535 981 3600 haud
1009 3554 1091 3600 raro
1118 3536 1152 3599 in
1181 3536 1358 3618 lapidibus

155 3643 288 3706 iamin
315 3642 398 3707 fano
425 3642 684 3732 prestantibus
713 3644 807 3724 quod
830 3644 1115 3709 dedicationibus
1144 3645 1361 3710 demonstra

155 3757 213 3814 tur
243 3755 326 3815 ante
353 3751 651 3816 manumissiones
678 3752 866 3833 insculptis
895 3753 994 3818 velut
1016 3754 1112 3819 3380:
1146 3751 1278 3840 Σαράπι
1298 3753 1360 3818 Ἴσι

152 3857 303 3940 'Avedda
352 3861 596 3924 Admiratione
631 3864 750 3924 autem
782 3861 928 3945 dignum
961 3866 1016 3927 est
1049 3881 1148 3927 aram
1181 3865 1290 3928 talem
1324 3864 1359 3926 in

158 3971 242 4034 fano
275 3973 498 4051 prostantem
535 3975 571 4034 et
605 3967 820 4035 Orchomeni
857 3972 1088 4056 (Decharme‚
1126 3974 1260 4037 archiv.
1297 3973 1359 4038 des

155 4079 252 4142 miss,
276 4077 350 4142 Ser.
373 4079 407 4143 Π
435 4079 471 4142 Τ.
493 4078 541 4142 IV
568 4079 631 4143 480
657 4098 688 4142 n.
709 4083 719 4144 1
745 4105 775 4135 :
796 4080 1041 4161 vl13200-t)
1069 4085 1105 4146 et
1128 4081 1360 4148 Chaeroneae

156 4189 313 4268 (Preller,
337 4188 458 4253 Sachs.
483 4188 681 4254 Gesellsch.
705 4189 793 4267 1854,
819 4191 877 4256 195
898 4216 928 4246 :
945 4191 1010 4255 VII
1031 4191 1209 4270 3308—12)
1234 4191 1360 4255 eodem

156 4298 261 4362 modo
295 4298 488 4380 capitibus·
507 4317 697 4364 cervorum
730 4303 765 4363 et
797 4299 941 4363 floribus
974 4299 1037 4364 loti
1070 4302 1233 4363 ornatum
1262 4289 1360 4364 esse.

156 4407 283 4471 Lotum
306 4407 352 4472 ad
373 4407 458 4472 Isim
479 4411 646 4489 spectare
669 4411 792 4472 notum
807 4411 870 4472 est.
907 4406 1012 4487 Quod
1035 4406 1081 4471 ad
1105 4425 1242 4488 cervos,
1268 4425 1360 4472 com·

1158 4558 1175 4608 2
