3334 5358
624 541 832 607 -21..

129 738 362 821 scriptionem
396 740 477 805 Keil
510 741 777 809 animadvertit·
750 749 777 810 t.
825 748 870 812 aa
903 746 1098 812 Pausaniae
1130 753 1273 813 aetatem
1305 747 1336 814 si

127 848 211 930 qaid
245 870 287 912 ea
320 850 391 915 etas
412 851 544 915 silentio
568 853 640 931 (IX
657 855 711 933 34,
734 855 767 934 2)
790 855 901 940 colligi
917 863 979 939 pot
982 864 1037 936 cst,
1067 878 1106 921 ea
1127 857 1245 942 religio
1267 880 1334 923 aaa

127 958 276 1022 duravit.
308 957 414 1024 Cuius
438 977 484 1024 ex
507 960 647 1026 silentio
670 961 757 1026 nihil
780 963 946 1028 concludi
968 982 1075 1046 posse
1099 963 1333 1031 Chaeroneae

126 1065 293 1132 vidimus

232 1174 369 1258 Cepis:
403 1178 505 1244 Paua
528 1177 580 1242 IX
602 1180 654 1262 24,
672 1183 702 1245 1;
736 1175 885 1246 ἐνταῦθα
906 1177 1075 1268 Δήμητρος
1098 1183 1152 1247 καὶ
1172 1181 1334 1250 Διονύσον

126 1285 182 1346 καὶ
205 1281 395 1370 Σαράπιδός
418 1287 505 1352 ἐστιν
527 1283 604 1371 ἱερά.

228 1393 382 1458 Thebis
420 1398 493 1460 tres
527 1395 606 1460 illos
644 1397 730 1461 deos
764 1399 974 1464 coniunctos
1009 1417 1089 1464 esse
1126 1401 1232 1466 docet
1268 1420 1333 1466 ara

109 1501 300 1566 ·V112482
333 1503 378 1580 (ΙΙ
412 1509 473 1568 aut
506 1503 600 1584 IS.):
650 1502 812 1588 Σαράπιδι
840 1505 938 1572 Ἴσιδι
966 1505 1141 1590 ’Λνοῦβιδι
1172 1509 1330 1596 Προῖτο[ς]

125 1608 350 1693 Χαιρήμονο[ς]
375 1610 541 1678 Μακεδών
565 1609 643 1694 [ἀπὸ
670 1613 938 1701 Θ]εσσαλ[ονι’κης.
969 1617 1054 1681 Post
1039 1618 1229 1682 terioribus
1245 1627 1331 1684 tem·

125 1719 273 1801 poribus
310 1723 363 1784 att
334 1721 537 1785 ttribuenda
574 1727 630 1786 est
665 1723 731 1787 VII
766 1723 849 1788 2on
870 1742 920 1806 sq.
955 1724 1125 1812 ἱεραφόρος
1160 1725 1328 1813 Νεικα[ρ]ω“

121 1825 325 1910 Ἀρίστωνος
346 1828 456 1911 ζώ[σ]α
477 1833 530 1894 καὶ
552 1828 717 1918 φρονοῦσα
731 1827 789 1916 τὴν
799 1829 1054 1918 Ἀνθηδο[ν]ἱαν
1068 1831 1169 1918 ληνόν
1183 1834 1329 1920 κληρονό-

123 1961 199 2018 μοις
220 1938 306 2020 ἕμοϊς
325 1936 369 2022 μὴ
390 1937 560 2022 προσήκειν
580 1941 659 2025 μηδὲ
682 1940 768 2004 ἄλλοι
789 1943 914 2027 μηδενί·
937 1941 995 2008 aiv
1017 1945 1054 2008 δέ
1073 1969 1121 2020 τις
1134 1943 1330 2027 βιασαμενος

125 2043 287 2138 ἇνοίξῃ“
272 2073 289 2131 η
319 2044 418 2139 μιάνῃ
438 2071 500 2129 μου
533 2047 571 2112 τὰ
595 2047 664 2131 ἱερὰ
686 2047 945 2134 inordina]
909 2077 947 2142 τῃ
981 2057 1070 2116 Εἴσει
1101 2051 1235 2138 δηνάρια
1257 2055 1328 2122 700.

123 2157 195 2220 Hic
219 2175 357 2240 quoque
380 2154 553 2245 ἳεραφόρον
585 2159 786 2226 invenimus
809 2161 930 2242 (quam
952 2179 1033 2225 esse
1055 2161 1159 2225 Isidis
1190 2181 1236 2226 ex
1258 2163 1327 2227 fine

123 2266 367 2348 inscriptionis
391 2269 597 2334 necessario
622 2269 822 2352 colligitur).
856 2268 957 2348 Quae
979 2271 1015 2334 in
1032 2271 1150 2335 omnia
1166 2275 1329 2354 tempora

125 2375 391 2458 sarcophagum
414 2395 436 2440 a
457 2377 617 2459 profanis
641 2396 683 2442 eo
706 2379 798 2442 tueri
819 2379 905 2457 vult,
933 2379 1027 2460 quod
1051 2380 1176 2444 scribit
1197 2381 1247 2445 illi
1269 2381 1327 2464 qui

123 2483 296 2565 profanet
317 2484 402 2548 Isidi
424 2474 617 2567 pecuniam
639 2486 849 2550 solvendam
872 2504 963 2552 esse.

227 2591 357 2658 Thebis
395 2594 503 2658 etiam
539 2595 780 2678 anaglyphum
812 2597 998 2660 inventurn
1034 2601 1089 2660 est
1126 2595 1203 2673 (VII
1235 2599 1327 2664 2483.

125 2701 217 2802 Keil,
241 2701 364 2766 Jahrb.
387 2702 409 2765 f.
426 2702 512 2766 Phil.
537 2703 656 2786 Suppl.
679 2704 727 2769 IV
748 2704 824 2783 583)
848 2705 941 2788 quod
964 2703 1084 2769 Eiram
1106 2706 1214 2770 Εἴοιδι
1234 2703 1329 2790 εὐχὴν

125 2811 284 2876 dedicat:
318 2811 458 2875 iuvenis
491 2812 605 2876 nudus
638 2813 674 2876 in
697 2813 829 2878 lectulo
852 2814 957 2895 iacet,
987 2816 1195 2896 postquem
1219 2821 1328 2897 caput

93 2982 96 2989 .
123 2938 293 3000 magnum
330 2921 519 2984 barbatum
556 2923 717 3003 exsurgit
752 2927 789 2986 et
822 2925 906 2986 ante
944 2940 1049 3004 quem
1081 2927 1155 2987 tres
1186 2925 1328 3005 puellae
1386 2943 1388 2948 ·

124 3029 269 3094 saltant.
314 3027 417 3108 Quod
439 3029 643 3113 Rhaugabis
667 3031 735 3109 (no.
755 3029 833 3094 1213
849 3048 882 3111 p.
898 3031 973 3110 778)
996 3031 1046 3094 ita
1060 3031 1327 3114 interpretatur,

123 3145 164 3202 ut
187 3141 296 3220 caput
317 3139 526 3203 Ammonem
560 3139 674 3219 (cuius
697 3140 869 3220 templum
900 3139 959 3204 illo
990 3140 1069 3204 loco
1094 3140 1204 3204 fuisse
1228 3141 1327 3221 dicit)

122 3250 293 3313 iuvenem
317 3247 446 3314 Osirim
481 3249 587 3314 dicat.
633 3248 748 3328 Quam
771 3248 1104 3330 interpretationem
1128 3249 1236 3313 etiam
1268 3250 1327 3314 alii

123 3357 282 3422 editores
317 3357 419 3440 sequi
451 3357 628 3438 videntur,
663 3375 744 3422 cum
776 3358 872 3423 nullo
906 3359 1162 3423 commentario
1186 3359 1326 3424 adiecto

123 3482 206 3528 eam
238 3463 432 3546 proferant.
487 3464 587 3544 Quae
620 3467 705 3530 mihi
742 3467 835 3531 falsa
867 3467 1024 3549 videtum
1061 3487 1144 3532 nam
1175 3471 1327 3552 primum

124 3573 270 3654 quidem
302 3573 353 3638 ita
385 3591 529 3639 sensum
561 3575 756 3658 anaglyphi
785 3594 856 3640 non
878 3577 1058 3660 intellego,
1091 3582 1164 3642 tum
1186 3579 1326 3643 iuvenis
1414 3635 1415 3638 ,

123 3701 197 3746 non
231 3682 277 3746 ad
301 3680 430 3747 Osirim
463 3688 613 3765 spectat,
649 3684 777 3748 deinde
810 3685 952 3768 puellae
986 3686 1161 3750 saltantes
1185 3687 1325 3752 omnino

123 3809 198 3854 non
220 3791 470 3873 respiciuntur.
499 3792 540 3855 In
556 3793 763 3857 memoriam
779 3795 898 3858 autem
919 3794 1077 3858 referam
1100 3795 1195 3860 aliud
1218 3803 1326 3878 caput

15 3901 20 3908 '
124 3917 295 3982 magnum
327 3901 517 3965 barbatum
550 3901 586 3964 in
619 3919 760 3984 gemma
792 3902 963 3966 incisum:
1005 3904 1202 3986 Augostini,
1234 3924 1324 3988 gem.

123 4009 234 4090 antiq.
260 4009 294 4073 ΙΙ
317 4010 386 4074 tab.
409 4009 459 4092 30,
482 4010 541 4074 ubi
557 4010 776 4075 Alexandria
798 4010 944 4093 depicta
966 4029 1046 4076 esse
1070 4011 1208 4094 dicitur,
1233 4031 1325 4094 quae

122 4118 159 4180 in
184 4118 304 4198 capite
328 4137 457 4200 magno
480 4118 630 4183 barbato
646 4118 714 4182 Nili
736 4119 866 4184 nititur.
904 4119 1071 4185 Fortasse
1094 4121 1202 4204 igitur
1217 4123 1326 4188 etiam

121 4226 320 4309 anaglyphi
363 4225 524 4291 Thebani
572 4229 681 4308 caput
727 4227 895 4292 Fluminis
944 4230 1013 4308 est,
1062 4231 1137 4293 tum
1184 4231 1325 4311 puellae

121 4334 315 4417 nymphae,
358 4335 496 4400 iuvenis
532 4335 676 4400 Faunus
711 4339 775 4409 ¹aut
813 4334 1020 4402 Mercurius
1077 4336 1200 4420 Neque
1236 4353 1324 4403 vero

123 4443 316 4527 quicquam
349 4444 440 4509 certi
463 4441 590 4526 dicam,
625 4461 705 4508 cum
737 4443 806 4508 nisi
835 4443 1074 4526 aRhangabe
1105 4464 1178 4511 non
1209 4446 1325 4512 visum
