3334 5358
673 526 878 588 „27-

169 729 240 794 illis
264 748 446 814 praeesse,
470 729 631 794 concedo
654 748 734 792 (earn
750 729 900 810 Delphis
924 733 1045 793 natam
1068 745 1167 808 esse;
1190 725 1378 792 sedetiam

171 843 246 903 tum
280 843 379 904 certo
414 839 577 902 videmus
602 838 750 903 Osiridis
785 839 959 919 mysteria
985 857 1056 902 non
1079 835 1228 918 Delphis
1256 835 1378 914 fuisse,

171 949 266 1029 quod
289 949 501 1012 Plutarchus
536 947 634 1011 addit
668 948 702 1011 έν
728 948 876 1034 Δελφοῖς.
921 947 1071 1028 Delphis
1104 947 1212 1026 igitur
1245 945 1378 1009 nullum

172 1058 320 1122 deorum
343 1059 601 1141 Aegyptiorum
626 1057 876 1122 documentum
901 1061 1009 1120 extat.
1018 1056 1056 1134 15)
1248 1034 1250 1040 ’

273 1250 313 1314 Ιο
341 1250 513 1314 Aetolia
545 1251 581 1312 in
615 1250 701 1314 urbe
737 1249 923 1330 Calydone
954 1249 1099 1329 Serapis
1133 1245 1312 1311 invenitur
1344 1244 1379 1306 in

172 1377 315 1424 nummo
339 1356 486 1438 Septimi
510 1357 636 1422 Severi
663 1359 720 1438 (M.
747 1355 1078 1440 Supp1.1189‚23).

274 1468 314 1531 In
338 1468 455 1532 insula
478 1466 672 1532 Leucade
696 1468 828 1538 nummi
852 1467 982 1548 signati
1002 1468 1084 1529 sunt
1106 1463 1235 1545 capitis
1252 1464 1378 1525 ornatu

172 1577 291 1642 Isiaco
316 1574 566 1656 (Ποστολάκκας,
588 1577 740 1657 καταλογ.
763 1573 833 1660 ἆρχ.
856 1599 927 1658 νομ.
949 1574 1012 1639 676
1035 1579 1071 1637 ct
1093 1572 1164 1654 802,
1182 1572 1224 1652 3).

273 1686 315 1749 In
349 1687 436 1750 urbe
468 1683 670 1750 Chalcide
702 1685 868 1750 Euboeae
902 1683 1076 1766 reliquiae
1110 1699 1222 1766 prope
1256 1698 1384 1763 aquae·

175 1797 334 1876 ductum,
359 1795 416 1858 cui
438 1811 534 1858 nunc
557 1812 686 1857 nomen
703 1799 758 1858 ost
780 1806 862 1880 τρεῖς
883 1789 1049 1879 κομάροις,
1073 1809 1119 1854 ex
1144 1789 1385 1872 compluribus

174 1905 465 1986 inscriptionibus
499 1904 548 1968 ibi
580 1904 734 1985 repertis
763 1902 945 1984 Serapidis
973 1901 1107 1982 templo
1135 1899 1386 1963 adiudicantur

176 2011 261 2100 (Ἕω,
286 2016 355 2099 ι’ρχ.
382 2011 471 2091 1899,
497 2013 556 2076 133
580 2017 615 2076 et
639 2012 729 2093 1902,
755 2013 876 2094 110191;
903 2012 970 2076 fuit
993 2011 1109 2075 cultus
1131 2010 1202 2072 iam
1226 2008 1385 2072 secundo

176 2141 208 2188 a.
233 2121 313 2200 Chr.
338 2141 371 2186 n.
395 2121 555 2184 sacculo:
584 2117 661 2207 Ἕφ.
685 2107 754 2204 διρχ.
781 2121 869 2202 1892,
895 2123 954 2186 172
970 2139 1036 2202 Sq.:
1073 2117 1150 2201 1έπ11
1178 2117 1282 2198 ἱερέως
1305 2115 1324 2198 1.
1341 2166 1348 2198 ·.
1366 2114 1384 2198 .]

181 2235 263 2294 δέου
306 2227 363 2294 τοῦ
406 2229 598 2305 Ξενοκλέους
644 2229 766 2312 Δάμων
817 2227 1029 2316 Ἀθηνίωνος
1077 2223 1240 2310 Σαράπιδι
1284 2207 1383 2290 Ἴσιδι

179 2335 411 2423 1)Λ1νο1ύβιδι1.
447 2337 566 2401 Isdem
590 2339 643 2402 dis
673 2336 890 2426 Ἀφροδίσιον
911 2341 964 2402 καί
991 2337 1161 2424 ’Ἁθορμις
1183 2332 1384 2422 χαριστήριον

180 2447 357 2514 dedicant.
408 2443 563 2531 (Ἀθηνᾶ
599 2446 691 2529 1894,
728 2448 808 2525 170.)
858 2448 983 2512 Eidem
1017 2441 1162 2512 saeculo
1197 2445 1383 2525 inscriptio

179 2556 331 2620 metrica
364 2555 594 2620 attribuenda
628 2561 696 2620 est:
728 2553 805 2642 Ἕφ.
830 2557 898 2642 ἂρχ.
930 2555 1023 2637 1902,
1055 2554 1203 2634 1101109ε
1243 2551 1386 2639 [Χαίρων

179 2663 433 2752 decumbam,
470 2663 549 2746 ἄνα,
585 2663 685 2729 κλυτὰ
718 2667 823 2751 δέρκεο
855 2663 945 2748 δοῖροι
974 2665 977 2745 1
1008 2661 1195 2747 [εὐξάμενός
1226 2662 1271 2745 γε]
1306 2665 1385 2750 θεῷ,

179 2780 272 2855 ξεῖνε,
299 2770 373 2838 τάδ’
397 2775 432 2838 έν
454 2778 576 2856 τεμένει
596 2774 600 2854 1
622 2773 663 2855 1..
681 2773 700 2857 ,1
724 2772 853 2856 εὐσεβίᾳ
875 2780 1008 2860 παρέχει
1029 2779 1122 2858 γέρας
1143 2773 1220 2851 ἄξια
1242 2769 1381 2854 τεύχων

181 2881 356 2965 1δοίμ1οσιν
390 2880 574 2965 οὐρανίδαις
605 2880 715 2968 κοῖιρος
747 2882 764 2947 ὁ
800 2889 989 2971 Νικαρέιοο·
1014 2884 1018 2964 1
1044 2888 1178 2969 Γοργίας
1210 2886 1384 2966 Νικαρέιοο

179 2990 346 3080 Σαράπιδι
370 2993 468 3058 Ἴσιδι
497 2989 670 3074 Ἀνοίιςίιδι
698 2992 831 3059 ’Ἄπιδι
875 2993 1001 3058 Mirum
1025 2996 1080 3055 est
1103 2992 1156 3056 dis
1179 2992 1248 3056 illis
1271 2991 1383 3054 tribus

180 3103 286 3186 Apim
323 3103 503 3167 adiectum
542 3120 636 3183 esse,
674 3103 887 3184 praesertim
925 3120 1006 3166 cum
1038 3101 1188 3184 δαίμονές
1219 3096 1385 3185 οὖροινίδιιι
1414 3156 1417 3162 .

180 3212 417 3284 nominentur,
1186 3197 1187 3201 ’

354 3600 477 3698 Ἰν.
534 3599 738 3720 Epirus
776 3549 828 3693 et
864 3597 1173 3696 Thessalia.

282 3881 530 3945 Ambraciae
566 3877 673 3945 CIG
710 3879 789 3944 1800
839 3879 994 3942 fortasse
1031 3879 1144 3959 primo
1181 3896 1211 3940 a.
1240 3875 1320 3941 Chr.
1350 3897 1382 3944 n.
1453 3945 1455 3949 f

179 3989 329 4054 sacculo
365 3989 592 4052 attribuenda
626 3994 694 4053 cst:
731 3987 767 4053 τὸ
803 3986 914 4054 κοινὸν
946 3986 1015 4052 σοῖν
1047 3986 1206 4052 διακόνων
1240 3983 1384 4072 Σαράπει

175 4098 258 4163 Ἵσει
279 4093 436 4177 'Avedda
457 4094 677 4184 ‘Apaonpoitsr
701 4095 868 4179 Κάνωπος,
891 4095 989 4183 ίερεύς
1011 4095 1166 4178 Σωι1ί1ων
1189 4093 1383 4177 Καλλιστρά-

281 4279 312 4345 1⁵)
332 4280 358 4333 A
376 4280 527 4349 Serapidis
556 4281 637 4334 cultu
665 4280 803 4333 abiudico
828 4282 917 4334 etiam
944 4281 1209 4333 manumissionem
1229 4279 1311 4341 (Rev.
1330 4279 1383 4333 des

181 4367 218 4419 ct.
238 4365 286 4420 Gr.
306 4369 378 4432 1009,
398 4369 455 4428 1341
475 4367 628 4418 inventam
647 4367 665 4415 d
684 4363 820 4432 Huphion
838 4363 961 4430 Jounnt',
976 4367 1049 4431 pods
1068 4363 1103 4415 dc
1116 4363 1257 4430 Mydcon,
1276 4365 1306 4417 in
1325 4379 1384 4430 oria

182 4465 293 4502 nomen
311 4449 462 4516 Serapidis
482 4449 562 4501 nullo
581 4450 645 4502 iure
665 4449 836 4516 suppletum
855 4453 908 4501 est.
