3334 5358
790 491 999 578 -28-

295 713 352 756 του
380 693 428 755 et‘
444 695 525 756 octo
552 693 696 758 nomina
718 691 906 758 sociorum.
949 693 1002 758 Ibi
1024 692 1132 776 igitur
1154 694 1310 758 societas
1333 696 1505 776 quattuor

293 799 355 864 illa
378 801 523 865 numina
544 802 638 883 colit,
662 819 754 883 quae
776 799 813 867 τό
838 799 951 868 κοινὸν
973 804 1040 868 τῶν
1061 801 1266 878 araxorum)
1289 803 1502 867 nominatur.

296 904 398 985 Quae
422 909 579 973 societas
602 910 757 975 fortasse
782 912 971 996 collegium
994 912 1175 976 hominum
1202 912 1422 993 privatorum
1446 915 1503 975 est

294 1015 451 1080 invicem
487 1034 636 1082 munere
673 1019 910 1104 fungentium,
954 1022 1047 1103 quod
1088 1022 1314 1086 sacerdotem
1353 1021 1502 1085 adiuvat

294 1123 420 1203 (veluti
442 1124 572 1191 wear
593 1127 629 1192 in
652 1129 841 1212 Aegypto).

394 1243 588 1326 Nicopoli
621 1245 657 1310 in
690 1248 842 1311 nummis
875 1247 1048 1312 Hadriani
1081 1251 1117 1312 et
1149 1246 1286 1326 Aelii17)
1317 1246 1384 1310 Isis
1417 1250 1500 1327 stat,

301 1368 393 1432 quae
429 1353 510 1417 loco
541 1354 637 1418 sistri
667 1356 796 1420 dextra
825 1357 966 1421 hastam
1003 1361 1117 1436 tenet,
1161 1355 1305 1420 sinistra
1349 1339 1499 1420 situlam.

294 1457 511 1536 Agnoscitur
535 1461 643 1526 etiam
666 1463 752 1526 flore
774 1465 846 1545 loti,
871 1482 939 1546 quo
962 1465 998 1528 in
1020 1465 1194 1529 Hadriani
1216 1483 1358 1528 nummo
1383 1468 1499 1546 caput,

294 1567 329 1632 in
353 1567 445 1632 Aelii
467 1569 572 1634 hasta
599 1576 727 1636 oruata
755 1578 845 1637 sunt.
890 1574 1057 1638 Fortasse
1085 1578 1203 1638 autem
1232 1573 1338 1638 etiam
1367 1573 1500 1637 similes

295 1697 518 1744 nummorum
551 1680 725 1761 imagines
758 1681 862 1744 Isidis
895 1683 1076 1764 putandae
1110 1687 1205 1763 sunt,
1239 1684 1274 1746 in
1308 1681 1433 1764 quibus
1468 1681 1499 1745 d.

293 1785 445 1852 hastam.
466 1807 492 1852 s.
514 1806 627 1852 cornu
650 1790 775 1871 copiae
797 1789 962 1872 portatu)
986 1789 1124 1870 (Getae,
1148 1790 1272 1855 Severi
1292 1790 1498 1870 Alexandri,

298 1894 468 1960 Gordiani
491 1897 550 1978 pii,
573 1897 725 1980 Philippi
748 1899 910 1978 senioris)
934 1903 995 1962 aut
1018 1901 1049 1964 d.
1072 1918 1139 1963 vas
1162 1919 1188 1964 s.
1214 1898 1499 1980 cornucopiaeffl)

297 2003 493 2084 (Hadriani,
520 2003 668 2087 Septimi
695 2004 830 2089 Severi,
861 2007 986 2072 Severi
1008 2008 1121 2090 Alem,
1149 2006 1320 2072 Gordiani
1346 2005 1408 2090 pii)
1435 2007 1501 2070 sed

297 2113 389 2178 haec
411 2115 553 2179 incerta
574 2117 664 2178 sunt.

396 2232 436 2295 In
459 2233 597 2296 insulae
621 2230 832 2314 Corcyrae
855 2234 942 2298 urbe
965 2233 1169 2316 Palaeopoli
1184 2233 1234 2298 IX
1251 2233 1311 2298 710
1333 2233 1498 2316 inventus

299 2345 368 2404 est:
404 2337 558 2428 [Elapoim
579 2339 645 2406 Ἴσι
672 2341 789 2423 (primi
810 2341 964 2408 fortasse
988 2361 1023 2425 p.
1048 2341 1119 2408 Chr
1151 2361 1184 2406 n.
1209 2342 1327 2421 saec).

397 2558 632 2622 Thessalia:
669 2559 862 2641 Hypatae
895 2561 965 2624 iam
999 2560 1101 2624 annis
1138 2560 1305 2624 108-140
1337 2578 1499 2624 nummus

300 2667 428 2748 capitis
442 2672 604 2732 ornatum
621 2667 775 2731 isiacum
793 2669 863 2732 fert
880 2667 970 2747 (Cat.
985 2669 1024 2732 of
1034 2667 1089 2734 Gr.
1104 2669 1214 2747 coine,
1235 2669 1360 2732 Thess.
1376 2671 1423 2749 11,
1440 2669 1497 2745 12).

299 2775 451 2840 Accedit
485 2777 622 2857 titulus,
654 2777 760 2840 cuius
785 2782 942 2840 aetatem
966 2777 1112 2842 definire
1135 2796 1206 2840 non
1229 2795 1388 2858 possum:
1415 2777 1498 2855 Ross,

298 2883 406 2948 Arch.
423 2884 521 2948 Auis.
542 2884 575 2947 II
596 2884 658 2948 4ῖὸ
674 2903 706 2948 n.
722 2885 755 2950 5:
781 2882 1027 2971 [Ἀλέξ]ανδρος
1051 2881 1287 2971 Ἀλεξάν[δρου
1299 2885 1500 2972 Λαρισαῖος

299 2990 510 3078 Σαρά[πει(ἶ))
534 2991 616 3078 ὑπὲρ
637 2991 704 3075 τοῦ]
728 2991 865 3076 replico
887 2991 1038 3077 ε[ὗ]χ[ῆ]ν.
1075 2993 1190 3072 Etiam
1202 2995 1370 3076 Hypatae
1393 2994 1498 3077 igitur

298 3102 364 3166 Isis
389 3107 425 3166 et
449 3102 595 3183 Serapis
619 3103 801 3168 coniuncti
824 3106 935 3167 erant.

397 3218 545 3283 Larisa
587 3220 732 3284 saeculo
775 3219 887 3284 altero
930 3237 960 3284 a.
995 3218 1074 3285 Chr.
1108 3238 1140 3283 n.
1180 3220 1265 3284 deos
1296 3219 1497 3301 Aegyptios

298 3327 440 3410 publice
457 3327 555 3392 Colit:
589 3326 701 3392 BCH
723 3328 808 3392 XIII
829 3327 904 3392 392:
938 3325 1100 3410 Σαράπιδι
1121 3327 1219 3393 Ἴσιδι
1247 3323 1421 3410 ’Λνούβιδι
1443 3333 1497 3392 Φι-

301 3434 655 3522 λόλαος’“Ηροφίλειος.
709 3437 865 3501 Dedicat
897 3437 957 3502 ille
991 3437 1210 3514 thesaurum,
1249 3437 1373 3518 quales
1411 3455 1500 3500 com·

298 3546 418 3628 plures
447 3544 629 3624 extant.²⁰)
672 3545 787 3610 Primo
815 3553 934 3610 autem
958 3546 1103 3610 saeculo
1127 3545 1235 3609 etiam
1257 3545 1500 3626 Harpocrates

398 3762 428 3826 16)
447 3762 533 3824 Quod
551 3761 676 3815 verbum
696 3761 734 3815 de
752 3762 894 3815 ministris
914 3761 1038 3814 deorum
1057 3733 1223 3835 adhibitum
1241 3777 1301 3814 non
1319 3761 1422 3814 inveni
1445 3762 1502 3813 nisi

298 3846 463 3904 01G3037
487 3846 653 3913 (Metropoli
679 3847 710 3898 in
728 3845 802 3899 urbe
820 3846 951 3913 Lyciae),
963 3867 967 3873 ·
978 3845 1029 3898 ubi
1047 3847 1132 3917 ἱερεὺς
1150 3847 1233 3916 ἱέρεια
1251 3845 1375 3902 διάκονος
1393 3848 1424 3897 et
1442 3844 1501 3897 duo

298 3932 421 3982 διάκονοι
439 3929 600 3982 duodecim
619 3929 743 3982 deorum
762 3934 983 3984 enumerantur.

397 4029 428 4093 1⁷)
446 4029 484 4083 Μ.
500 4029 528 4083 Π
546 4034 585 4096 57,
603 4032 643 4084 85.
667 4029 783 4086 111378.
813 4027 875 4083 Cat.
894 4029 927 4082 of
943 4028 990 4084 Gr.
1011 4031 1102 4096 coins,
1120 4029 1223 4083 Thess.
1243 4035 1298 4097 104,
1319 4035 1349 4085 19
1367 4029 1404 4096 pl·
1423 4028 1501 4082 XIX·

397 4128 429 4194 ¹⁸)
447 4130 484 4182 M.
502 4129 604 4198 Suppl.
622 4130 671 4183 ΠΙ.
690 4134 746 4196 396,
763 4134 821 4186 272.
847 4135 904 4196 400,
921 4133 979 4184 295.
1005 4134 1062 4197 401,
1081 4132 1137 4185 305.
1164 4134 1221 4198 403,
1239 4135 1296 4186 314.

397 4229 429 4295 19)
447 4229 483 4283 M.
502 4228 603 4298 Suppl.
621 4229 663 4283 ΠΙ
681 4233 737 4297 378,
757 4233 811 4285 130.
839 4234 895 4296 388,
912 4234 970 4286 213.
996 4228 1053 4296 400,
1071 4231 1131 4287 290.
1157 4233 1214 4297 402,
1235 4235 1292 4287 306.

398 4329 430 4396 2⁰)
449 4330 561 4384 Inschr.
589 4347 616 4382 v.
642 4331 750 4384 Priene
777 4346 804 4382 n.
825 4334 873 4386 195
890 4329 976 4383 Anm.
1005 4335 1035 4384 et
1059 4329 1159 4383 Jahrb.
1188 4330 1214 4383 d.
1233 4329 1321 4385 Arch.
1339 4329 1413 4385 Inst.
1430 4335 1502 4398 1901,

300 4417 348 4469 160
357 4429 420 4484 sqq.
