3334 5358
803 393 815 416 .

808 457 1016 520 ,62-

258 714 262 726 ,
311 644 313 648 ’
412 659 594 740 Amorgi:
627 655 744 722 BCH
765 657 868 722 XVII
888 658 949 722 627
981 659 1019 738 (I.
1040 677 1065 722 s
1086 677 1116 722 a.
1134 657 1214 724 Chr.
1230 661 1278 738 n.)
1308 661 1524 738 Κλε....υος

311 765 475 854 Σαράπιδι
502 765 601 831 Ἴσιδι
628 764 802 847 ’Λνοὺβιδι
835 772 926 842 θεοῖς
955 765 1106 842 συννάοις
1137 774 1190 832 καί
1219 765 1406 850 συμβώμοις
1433 795 1523 854 χαρι-

311 875 448 962 στήριον.

412 984 702 1065 Astypalaeae
727 983 843 1047 cultus
866 983 1021 1048 fortasse
1045 986 1150 1048 tertio
1168 985 1312 1048 saeculo
1336 986 1522 1052 institutus

311 1097 377 1175 est,
401 1111 493 1175 quae
516 1092 691 1156 institutio
713 1092 793 1172 ipsa
814 1091 886 1155 iam
910 1096 1023 1156 extat:
1056 1093 1126 1157 XII
1148 1094 1177 1175 3,
1200 1093 1275 1158 200:
1307 1089 1523 1180 Ἀγαθοκλῆς

311 1207 432 1280 daura.
446 1252 453 1264 .
467 1251 493 1266 ..
515 1199 674 1282 ἀνέθηκεν
696 1197 757 1264 τὸν
779 1201 864 1266 ναὸν
885 1205 938 1264 καὶ
961 1199 1002 1264 τά
1024 1199 1201 1285 ἀγάλματα
1222 1201 1385 1286 Σαράπιδι
1409 1203 1522 1269 Ἴσιδι.

410 1309 543 1373 Rhodi
569 1309 682 1373 tribus
704 1309 794 1373 locis
817 1311 1075 1392 principalibus
1100 1311 1135 1374 di
1157 1312 1327 1393 Aegyptii
1351 1313 1522 1377 coleban-

312 1429 378 1483 tur.
421 1418 463 1482 In
498 1418 585 1482 urhe
616 1417 738 1482 Rhodo
773 1419 852 1500 ipsa
885 1419 1019 1483 cultum
1052 1437 1119 1500 per
1152 1421 1337 1502 complura
1372 1423 1523 1487 saecula

311 1527 558 1590 demonstrare
591 1543 790 1606 possumus.
836 1526 954 1590 Tertio
983 1527 1128 1590 saeculo
1156 1529 1272 1592 cultus
1298 1529 1370 1594 iam
1401 1531 1522 1595 floret:

310 1629 545 1716 cognovimus
560 1635 724 1716 Dionysii
747 1635 931 1699 cuiusdam
955 1635 1155 1698 sacerdotis
1179 1640 1334 1700 statuam
1356 1637 1522 1702 vestibus

311 1743 501 1825 Aegyptiis
524 1743 684 1806 indutam
707 1747 816 1824 atque
836 1761 918 1807 cum
939 1743 1173 1824 inscriptione
1189 1743 1389 1823 Demotica,
1413 1764 1524 1827 quam

310 1852 506 1916 Revillout:
540 1852 627 1916 Rev.
651 1852 748 1916 arch.
775 1851 865 1932 1905,
890 1854 916 1933 1,
939 1852 994 1915 341
1036 1851 1094 1928 (cf.
1117 1851 1342 1916 Athenaeum
1364 1853 1414 1917 28.
1440 1853 1522 1919 Oct.

312 1959 405 2040 1905)
428 1961 539 2024 vertit
562 1959 847 2041 (inscriptionem
867 1960 984 2042 ipsam
1005 1979 1077 2023 non
1099 1961 1250 2040 inveni):
1274 1963 1398 2026 decant
1421 1963 1522 2027 Ocur-

310 2069 393 2155 ουρ]
414 2070 445 2132 1ο
461 2070 538 2132 dicu
561 2070 672 2153 prend
696 2076 726 2132 ct
740 2069 776 2132 la
792 2070 904 2132 deesse
919 2069 985 2132 Isis
1000 2069 1036 2132 lu
1050 2069 1181 2152 prande
1197 2070 1317 2150 deesse,
1334 2070 1522 2154 Dionysios

309 2179 339 2241 le
355 2183 474 2261 preire
498 2179 538 2241 de
557 2177 687 2242 l'uunde
710 2177 890 2254 (l’e'criturc
912 2177 1107 2260 appartient
1128 2177 1200 2240 αἶα
1216 2177 1385 2260 premiere
1401 2179 1522 2262 partic

310 2288 351 2350 de
377 2287 413 2350 1ο
441 2287 596 2368 dynamio
618 2285 776 2370 Lapide);
809 2285 963 2349 maxime
992 2291 1112 2350 autem
1138 2304 1215 2350 rem
1242 2287 1368 2350 miram
1390 2288 1522 2370 reddit,

310 2393 404 2474 quod
427 2395 598 2458 sacerdos
621 2411 692 2466 non
714 2393 826 2457 verbo
849 2393 1029 2475 Aegyptio
1053 2393 1117 2458 w‘b
1141 2395 1255 2476 datur,
1281 2395 1345 2459 sed
1368 2396 1523 2460 verbum

311 2500 491 2566 Graecum
514 2499 612 2589 ἱερεὺς
633 2503 669 2564 in
685 2501 902 2583 scripturam
918 2502 1145 2566 Demoticam
1161 2503 1437 2584 transscriptum
1454 2509 1520 2586 est,

309 2611 360 2672 ita
382 2615 420 2673 ut
444 2609 621 2675 efficiatur
643 2608 742 2694 ἱερεὺς
762 2619 882 2694 raupa
905 2611 938 2690 (i.
960 2629 989 2675 e.
1013 2611 1185 2674 sacerdos
1210 2612 1372 2691 annuus).
1417 2609 1521 2690 Quae

310 2719 569 2800 interpretatio,
594 2736 809 2800 quamquam
826 2719 1029 2782 addubitari
1045 2721 1176 2800 potest,
1200 2719 1230 2782 si
1244 2723 1347 2784 recta
1363 2723 1427 2798 est,
1451 2721 1524 2786 hoc

309 2846 380 2890 non
411 2828 583 2892 sacerdos
614 2827 758 2909 quidam
780 2827 993 2908 Aegyptius,
1025 2827 1083 2908 qui
1115 2845 1156 2891 eo
1186 2828 1300 2909 venit,
1336 2829 1522 2892 dedicavit

311 2936 376 3002 sed
398 2936 594 3017 Dionysius
628 2941 683 2999 est
716 2935 888 3000 sacerdos
915 2935 1113 3018 Aegyptius
1138 2935 1320 3017 Serapidis
1355 2939 1390 3000 et
1416 2937 1522 3000 Isidis

309 3044 423 3108 Rhodi
451 3045 634 3108 cultorum.
679 3044 751 3109 Sed
778 3044 861 3125 quid
889 3044 955 3107 sibi
982 3044 1060 3108 vult
1085 3041 1170 3108 ille?
1213 3044 1330 3108 Etiam
1357 3045 1394 3107 in
1417 3045 1521 3109 titulo

309 3152 461 3216 Prienae
494 3153 641 3216 invento
677 3152 826 3229 (Inschr.
852 3171 885 3215 v.
909 3152 1036 3216 Priene
1066 3171 1099 3214 n.
1124 3151 1195 3231 195)
1228 3152 1285 3215 vir
1318 3152 1521 3235 Aegyptius

310 3265 622 3325 commemoratur:
655 3258 716 3326 τόν
738 3256 925 3340 Αἰγύπτιον
950 3259 1011 3324 τόν
1036 3260 1269 3324 συντελέσοντα
1295 3257 1368 3342 rib>
1394 3264 1521 3325 θυσίαν

309 3370 485 3458 §pasiensi
509 3371 568 3452 qui
584 3371 812 3434 sacerdotem
827 3370 984 3450 adiuvat,
1002 3371 1040 3433 ut
1063 3386 1170 3432 sacra
1184 3369 1251 3432 rite
1274 3368 1385 3454 fiant..
1403 3367 1520 3432 Rhodi

309 3479 417 3561 igitur
438 3479 640 3560 Aegyptius
666 3479 810 3561 quidam
832 3477 1032 3541 sacerdotis
1055 3477 1268 3557 magistratu
1291 3475 1519 3559 fungebatur,

310 3587 370 3668 qui
393 3587 560 3668 quoniam
582 3587 741 3668 linguam
758 3584 934 3650 Graecam
956 3585 1144 3649 nesciebat
1165 3585 1226 3647 vei
1249 3583 1343 3665 quod
1367 3585 1440 3648 suis
1465 3585 1518 3649 dis

310 3713 374 3759 sua
396 3695 519 3776 lingua
541 3695 679 3759 servire
702 3694 857 3774 volebat,
880 3695 916 3756 in
933 3693 1160 3757 dedicatione
1182 3692 1305 3773 lingua
1327 3691 1521 3756 Demotica

309 3805 485 3868 utebatur.
535 3803 673 3867 Nomen
699 3821 771 3866 non
796 3800 958 3882 impedit;
992 3801 1149 3865 fortasse
1177 3805 1297 3864 autern
1324 3818 1370 3864 ex
1395 3800 1520 3882 lingua

308 3910 491 3993 Aegyptia
523 3912 559 3974 in
593 3910 771 3976 Graecam
806 3911 1018 3974 translatum
1052 3914 1116 3973 est.
1126 3908 1166 3987 4³)
1220 3907 1365 3972 Certum
1398 3914 1518 3972 autem

311 4024 366 4084 est
393 4020 527 4084 cultum
553 4020 602 4084 ibi
630 4020 675 4082 ad
701 4019 832 4082 rituum
855 4018 1113 4101 Aegyptiorum
1140 4017 1275 4080 formas
1302 4016 1517 4084 accessisse.

411 4200 434 4238 43
460 4201 574 4255 Morem
587 4202 677 4256 etiam
696 4201 819 4254 nomina
837 4202 869 4252 in
882 4201 1006 4253 alteram
1024 4200 1160 4268 linguam
1172 4197 1312 4252 vertendi
1330 4197 1517 4251 demonstrat

310 4287 422 4352 optime
445 4286 520 4353 lapis
541 4285 685 4352 bilinguis
708 4283 801 4347 (Ausi.
814 4282 915 4337 Verz.²
933 4285 989 4350 334,
1006 4285 1093 4346 2304),
1116 4297 1206 4350 quem
1223 4281 1371 4335 Paniskos
1391 4281 1514 4349 quidam

309 4369 393 4436 (ling.
411 4368 496 4422 Dcm.
515 4368 641 4434 Pa-Min)
659 4367 831 4435 Serapionis
852 4368 932 4434 (ling.
951 4367 1035 4420 Dem.
1053 4364 1226 4431 Psenusire)
1244 4363 1322 4418 filius
1342 4363 1471 4416 dedicat.
