3334 5358
663 496 913 576 mn-‘

162 731 380 795 quamquam
414 714 522 778 etiam
555 713 614 777 hic
647 714 837 794 pecuniam
868 733 890 777 a
916 731 1022 778 servo
1056 713 1163 796 pendi
1196 715 1367 780 usitatum

161 807 1367 909 mmmmmmmwmmummmmmm

161 931 370 994 manumissi
404 949 546 1013 semper
578 931 805 996 nominantur
837 931 921 1020 ὶαροὶ
953 935 1010 998 τοῦ
1043 930 1225 1016 Σαράπιος,
1259 939 1366 1015 atque

160 1043 333 1120 patronus
357 1057 478 1104 eorum
507 1044 562 1104 θεῖ
588 1039 813 1123 hierarchos
847 1042 907 1122 qui
933 1042 1039 1106 rebus
1067 1042 1180 1106 sacris
1210 1047 1365 1124 praeest.

261 1149 409 1213 Praeter
426 1149 587 1231 Serapim
611 1147 842 1213 Chaeroneae
859 1149 966 1214 etiam
986 1149 1065 1214 aliis
1083 1151 1136 1214 dis
1161 1133 1256 1214 servi
1273 1152 1367 1216 dedi-

160 1261 304 1338 cantur;
326 1259 432 1322 Matri
447 1259 599 1341 Magnae
617 1259 720 1339 (3378,
736 1258 768 1337 9)
784 1258 914 1323 Veneri
931 1257 1142 1342 Eileithyiae
1167 1261 1262 1340 (3384
1274 1261 1364 1343 sqq.)

159 1363 376 1431 Orchomeni
391 1368 606 1448 Aesculapio
624 1365 737 1447 (BOH
754 1367 839 1430 XIX
862 1368 941 1446 lot).
979 1367 1049 1440 Sed
1068 1369 1176 1433 multo
1194 1374 1366 1451 superant

158 1475 411 1557 inscriptiones
428 1473 624 1558 Serapidis;
649 1477 749 1542 cuius
767 1477 883 1541 cultus
904 1477 952 1540 ibi
968 1477 1044 1541 fere
1060 1479 1230 1560 princeps
1253 1479 1363 1544 fuisse

157 1584 310 1666 videtur,
334 1589 372 1648 ut
394 1583 563 1666 Epidauri
588 1587 792 1667 Aesculapii
815 1586 964 1668 Delphis
988 1587 1171 1667 Apollinis.
1400 1586 1405 1597 '

260 1693 314 1756 De
348 1697 519 1775 tempore,
555 1713 623 1776 quo
662 1695 778 1759 cultus
812 1693 1102 1759 Chaeroneam
1139 1697 1362 1762 introductus

159 1801 215 1881 sit,
250 1801 338 1865 nihil
372 1803 463 1865 certi
497 1803 639 1884 scimus,
663 1804 727 1866 sed
760 1805 967 1868 necessario
1000 1805 1120 1869 multis
1157 1807 1260 1870 annis
1293 1807 1365 1870 iam

157 1909 282 1989 viguit,
316 1915 508 1992 antequam
547 1912 637 1974 tanti
673 1913 842 1976 momenti
885 1913 1002 1978 fiebat.
1068 1915 1363 1979 Manumissiones

158 2019 271 2100 priori
304 2019 453 2083 secundi
477 2038 506 2083 a.
532 2018 612 2084 Chr.
636 2039 668 2084 n.
693 2037 788 2085 saec.
811 2023 905 2102 parti
939 2023 1187 2087 attribuuntur.
1238 2025 1362 2108 Itaque

157 2128 314 2190 maxime
337 2128 515 2207 miramur,
539 2129 633 2208 quod
657 2131 772 2193 cultus
796 2130 943 2194 deorum
965 2132 1235 2214 peregrinorum
1258 2133 1362 2196 tertio

157 2236 229 2300 iam
252 2237 398 2300 saeculo
432 2255 503 2300 non
527 2237 639 2300 solum
661 2237 697 2300 in
721 2256 782 2301 cas
808 2240 924 2320 urbes,
960 2241 1086 2322 quibus
1110 2242 1363 2306 commercium

157 2362 241 2407 cum
263 2344 427 2426 Aegypto
452 2349 539 2420 erat,
573 2346 637 2410 sed
671 2347 778 2410 etiam
801 2348 953 2412 mediam
984 2351 1019 2413 in
1043 2351 1235 2415 Graeciam
1257 2353 1362 2416 intro-

158 2454 290 2518 ductus
314 2458 377 2517 est.

259 2562 444 2644 Templum
466 2563 545 2626 loco
578 2565 638 2629 vel
661 2583 772 2647 prope
795 2565 911 2630 locum
946 2566 1056 2630 fuisse
1080 2569 1273 2632 verisimile
1298 2574 1362 2651 cst,

159 2671 218 2735 ubi
241 2689 336 2736 nunc
360 2676 415 2736 θεῖ
438 2672 596 2738 ecclesia
618 2671 808 2754 Panagiae,
836 2675 929 2756 quod
953 2694 1075 2740 omnes
1097 2677 1361 2760 inscriptiones

158 2781 203 2844 de
241 2782 366 2862 quibus
405 2782 464 2846 ubi
497 2783 665 2846 inventae
700 2783 770 2846 sint
807 2784 949 2864 scimus,
986 2785 1034 2848 ibi
1067 2785 1236 2850 inventae
1270 2793 1361 2850 sunt.

157 2887 262 2968 Quod
285 2890 356 2954 iarn
379 2890 508 2968 Leake,
548 2891 688 2956 Travels
720 2893 756 2954 τά
778 2893 949 2956 Northoro
973 2891 1095 2958 Graece
1118 2895 1151 2957 Π
1176 2895 1234 2960 115
1258 2896 1360 2973 dixin

157 2999 218 3080 qui
240 2999 397 3082 miratur,
422 3001 516 3082 quod
538 3001 735 3066 Pausanias
753 3001 934 3084 Serapidis
960 3004 1129 3084 templum
1152 3023 1223 3068 non
1246 3005 1359 3070 affert.

156 3106 272 3186 Quam
305 3109 570 3191 neglegentiam
603 3111 654 3174 ita
687 3112 883 3192 explanare
906 3131 977 3176 non
1009 3113 1105 3196 licet,
1139 3121 1176 3195 ut
1199 3115 1359 3180 dicamus

156 3218 290 3282 cultum
313 3218 384 3282 iarn
406 3219 559 3300 perisse;
593 3219 652 3283 hic
676 3220 770 3284 enim
795 3223 1040 3286 demonstrare
1067 3241 1255 3304 possumus
1280 3243 1359 3288 eum

155 3326 215 3389 diu
238 3327 410 3409 viguisse:
435 3327 499 3391 VII
522 3329 604 3392 3414
628 3325 730 3414 Φῦρος
751 3335 877 3394 aaran
899 3331 1036 3423 ἕταταγῇ
1059 3332 1188 3408 Εἴσιδος
1209 3334 1359 3398 secundi

153 3453 187 3517 p.
212 3433 291 3500 Chr.
316 3455 348 3500 n.
373 3437 508 3500 saeculi
525 3442 580 3501 est
614 3442 648 3500 et
670 3437 753 3502 3426
776 3439 886 3503 tertii:
925 3440 1074 3522 Φλαβίαν
1100 3447 1269 3506 Λανείκαν
1301 3441 1358 3527 τὴν

154 3541 332 3630 ἀρχιέρεων
354 3541 408 3608 διὰ
429 3551 501 3626 βίου
524 3543 580 3610 τοῦ
603 3571 637 3610 τε
658 3544 767 3612 κοινοῦ
782 3551 941 3614 Βοιωτῶν
963 3548 1019 3634 τῆς
1037 3548 1186 3628 Ἰτωνίας
1203 3547 1359 3637 Ἀθηνᾶς

152 3655 285 3718 καὶτοῦ
315 3651 423 3719 κοινοῦ
446 3659 582 3719 Φωκέων
604 3655 722 3731 ἔθνους
753 3659 805 3720 καὶ
838 3659 892 3742 τῆς
914 3655 1068 3740 ὁμονοΐας
1099 3655 1168 3724 ταῖν
1187 3656 1356 3742 Ἑλλήνων

152 3759 244 3846 παρὰ
264 3765 308 3850 τῷ
333 3770 519 3851 Τροφωνίῳ,
541 3761 598 3847 τὴν
621 3761 803 3849 ἁγνοτάτην
825 3764 999 3853 ἳεραφόραν
1025 3766 1080 3852 τῆς
1102 3766 1196 3847 ἁγίας
1219 3771 1356 3852 Εἴσιδος,

152 3871 270 3956 ἱέρειαν
303 3869 358 3936 διὰ
389 3877 461 3952 βίου
496 3869 550 3955 τῆς
586 3869 812 3960 ἄποσαριαδας
845 3877 976 3951 Εἴσιδος
1008 3873 1026 3941 ὁ
1062 3874 1257 3963 βοιωτάρχης
1290 3883 1356 3942 etc.

152 3979 276 4046 Cultus
309 3982 417 4061 igitur
449 3982 504 4046 his
539 3983 757 4064 temporibus
782 3985 982 4066 duplicatus
1007 3989 1070 4050 est.
1115 3985 1217 4050 Duae
1244 3985 1357 4050 Isides

152 4089 305 4154 diversis
340 4091 610 4172 cognominibus
646 4093 819 4168 coluntur,
855 4112 874 4158 e
909 4095 1034 4178 quibus
1069 4095 1218 4159 alterum
1249 4097 1356 4160 facile

153 4199 388 4264 discernimus
411 4197 518 4282 ἁγίαν,
543 4219 635 4284 quae
659 4221 703 4266 ea
726 4203 794 4266 dea
809 4203 951 4267 videtur
974 4221 1064 4285 esse,
1087 4221 1192 4285 quam
1215 4221 1357 4286 semper

152 4327 233 4372 curn
257 4306 429 4389 Serapide
463 4310 512 4390 (et
540 4311 716 4391 Anubidc)
752 4312 980 4377 coniunctam
1013 4312 1228 4392 invenimus;
1263 4315 1356 4394 quod

152 4418 274 4480 titulus
309 4415 479 4505 ἱεραφόρος
511 4419 722 4486 denuntiare
755 4421 907 4498 videtur,
942 4422 1000 4502 qui
1033 4439 1097 4484 nos
1121 4421 1167 4483 ad
1189 4440 1355 4503 pompam

1155 4571 1184 4620 ω
