3334 5358
817 437 995 500 ..8-

401 634 570 702 Eiusdem
590 635 728 700 saeculi
743 635 840 700 basis
857 639 923 718 est,
945 637 983 700 in
998 653 1069 717 qua
1084 639 1158 698 tres
1181 653 1267 700 arae
1291 635 1508 700 coniunctae

301 747 392 824 sunt,
421 741 569 823 111671,
605 761 754 826 quarum
783 745 820 808 in
847 763 920 808 una
943 741 1067 832 Ἔρμοῦ
1092 744 1293 828 Ἀμροδείσης
1313 739 1438 819 Πανός,
1470 743 1507 806 in

302 853 417 917 altera
438 848 604 937 Νυμφῶν,
626 851 663 916 in
685 853 793 917 tertia
815 851 937 930 Ἴσιδος
957 853 1169 934 inscriptum
1193 856 1257 915 est.
1301 851 1357 916 De
1381 851 1509 932 quibus

301 959 460 1025 Koehler
481 959 628 1039 (Mitteil.
645 959 764 1024 Athen
779 959 904 1040 11246)
928 960 1016 1024 dicit
1031 961 1067 1024 in
1084 959 1217 1041 templo
1229 959 1379 1023 Veneris
1396 959 1507 1022 fuisse

302 1071 440 1132 statuas
470 1067 652 1132 numinum
682 1068 776 1132 inter
805 1087 843 1132 se
874 1075 1109 1150 cognatorum
1136 1067 1305 1132 Mercurii
1335 1070 1370 1130 et
1396 1067 1508 1131 Fauni

302 1179 338 1240 et
359 1175 514 1240 fortasse
537 1175 573 1240 in
596 1176 748 1240 circuitu
777 1176 852 1240 fani
879 1177 991 1242 inisse
1025 1195 1169 1242 sacrum
1202 1175 1439 1261 nymphorum
1471 1181 1508 1238 et

301 1283 559 1365 posterioribus
583 1285 802 1365 temporibus
824 1285 939 1350 Isidis.
984 1283 1055 1350 Sed
1082 1302 1297 1368 quamquam
1319 1301 1450 1348 revera
1471 1284 1507 1346 in

304 1392 397 1456 clivo
420 1392 645 1457 meridionali
664 1393 759 1457 arcis
782 1394 955 1458 sacellum
980 1393 1085 1457 Isidis
1108 1393 1174 1457 fuit
1197 1391 1269 1471 (eui
1288 1391 1510 1475 temporibus

303 1500 470 1566 Romanis
508 1501 616 1565 etiam
652 1519 716 1565 ara
749 1499 930 1584 Serapidis
968 1501 1091 1568 addita
1124 1501 1191 1565 fuit
1223 1500 1273 1564 ΙΙΙ
1307 1499 1386 1566 add.
1412 1499 1510 1579 145a;

302 1613 566 1691 praeterquam
582 1609 630 1673 ibi
643 1610 750 1674 etiam
765 1609 1018 1693 inscriptiones
1030 1611 1200 1674 inventae
1217 1613 1308 1691 sunt,
1325 1609 1510 1690 dequibus

303 1723 432 1800 postca
463 1717 640 1799 agendum
671 1722 749 1797 est),
783 1722 903 1782 tamen
932 1719 1009 1784 sola
1038 1737 1084 1782 ex
1113 1719 1272 1782 locorum
1303 1716 1523 1782 confinitate

304 1826 369 1890 has
393 1842 476 1890 aras
500 1826 736 1907 explicandas
761 1843 841 1893 esse
864 1845 968 1910 nego.
1012 1826 1103 1890 Nam
1132 1825 1161 1890 si
1182 1826 1424 1890 Athenienses
1448 1843 1512 1889 eas

306 1931 581 2016 coniunxerunt,
603 1953 711 1999 sacra
734 1953 874 2018 quoque
899 1935 1102 2001 communia
1125 1939 1238 1999 erant.
1275 1934 1400 2016 Neque
1422 1951 1511 1998 vero

304 2041 421 2106 Widic
456 2043 513 2122 (de
538 2061 629 2107 sacr.
653 2043 790 2123 Troez.)
826 2045 1013 2126 assentior,
1050 2044 1108 2126 qui
1135 2048 1239 2126 putat
1269 2061 1377 2108 sacra
1398 2041 1513 2106 Fauni

227 2141 229 2146 ’
304 2151 455 2216 Veneris
478 2151 582 2216 Isidis
607 2153 800 2216 coniuncta
820 2152 1001 2218 Troezene
1020 2152 1182 2218 Athenas
1206 2156 1397 2235 apportata
1420 2169 1513 2216 esse.

304 2259 395 2324 Nam
418 2260 559 2324 omissis
584 2278 676 2343 quae
700 2261 745 2326 de
760 2261 913 2326 Veneris
936 2262 1079 2344 templis
1104 2261 1150 2325 ad
1165 2262 1325 2326 radicem
1348 2261 1511 2324 meridio-

306 2369 424 2432 nalem
448 2368 542 2433 arcis
567 2369 643 2433 sitis
660 2369 815 2434 dicenda
837 2374 962 2435 essent
976 2388 1104 2434 moneo
1129 2373 1165 2433 in
1181 2370 1414 2452 inscriptione
1431 2387 1513 2432 cum

305 2477 406 2542 iuxta
426 2477 520 2543 haec
543 2479 613 2542 tria
641 2479 788 2543 numina
818 2480 886 2544 duo
920 2479 991 2543 alia
1024 2477 1200 2542 nominari
1233 2483 1307 2542 tum
1326 2477 1513 2554 ‚artiorem

307 2605 388 2651 esse
412 2587 700 2652 coniunctionem
723 2588 817 2653 inter
839 2588 1019 2652 Venerem
1041 2586 1258 2650 Mercurium
1280 2585 1450 2649 Faunum.

407 2693 575 2760 Fortasse
609 2697 827 2779 temporibus
861 2715 893 2760 a.
921 2695 1001 2762 Chr.
1029 2715 1062 2760 n.
1097 2695 1326 2760 attribuenda
1360 2699 1415 2759 est
1449 2713 1514 2758 ara

308 2803 359 2868 ΙΙΙ
380 2802 443 2868 203
479 2822 591 2886 prope
626 2805 750 2869 turrim
782 2804 980 2868 Andronici
1017 2805 1180 2884 inventa,
1218 2821 1433 2884 quamquam
1471 2804 1515 2867 de

309 2916 430 2976 aetate
453 2912 538 2976 nihil
555 2913 701 2977 scimus:
719 2912 818 2978 Ἴσιδι
836 2911 1032 3003 Δικαιοσύνη
1052 2909 1224 2997 Κτησικλῆς
1240 2908 1515 2997 ²Aaottodlo'oor]

302 3017 501 3103 Ἁλιμούσιος
524 3017 703 3106 hamdan]
724 3022 781 3086 ἐπὶ
797 3021 902 3108 ἱερέως
915 3017 1030 3086 Σοίσον
1045 3019 1125 3102 roffi]
1143 3021 1310 3106 Χαρμίδου
1325 3020 1516 3086 Αἰθαλὶδου

309 3127 530 3212 ζακορεύονσος
551 3127 707 3212 Ζωπύρου
732 3128 928 3214 Μιλησίο[υ].
972 3129 1024 3215 In
1043 3129 1176 3212 templo
1200 3127 1383 3210 Serapidis
1409 3129 1519 3212 igitur

311 3237 419 3302 etiam
452 3237 557 3302 Isidis
590 3237 753 3304 Iustitiae
788 3243 908 3302 statua
941 3238 1135 3302 colebatur.
1181 3235 1284 3315 Quod
1317 3255 1517 3318 cognomen

310 3345 416 3410 etiarn
441 3347 523 3410 Deli
551 3346 768 3429 invenimus3
801 3347 886 3410 Isim
919 3346 1075 3410 iustitiae
1109 3363 1280 3428 praeesse
1309 3365 1355 3411 ex
1381 3347 1516 3428 hymno

310 3452 426 3518 Isiaco
449 3454 562 3518 Andri
584 3455 730 3519 invento
758 3454 936 3519 videmus:
970 3452 1040 3518 XII
1062 3453 1090 3533 5,
1114 3455 1176 3518 739
1205 3472 1239 3518 v.
1262 3454 1316 3519 36:
1351 3453 1409 3518 ἅδε
1430 3454 1515 3519 δικα-

311 3561 435 3643 σπολίᾳ
456 3560 572 3649 (iopen
592 3561 711 3647 πόρεν;
742 3563 788 3627 cf.
811 3563 982 3643 hymnum
1006 3563 1035 3625 li
1056 3563 1241 3626 inventum
1263 3581 1297 3627 v.
1312 3563 1367 3626 20:
1390 3561 1451 3642 ἐμω·
1476 3560 1514 3626 τό

310 3670 436 3736 δίκαιον
466 3668 599 3755 ἰσχυρὸν
626 3671 765 3756 ἐποίησα
794 3674 831 3736 et
860 3671 963 3735 Diod.
986 3672 1002 3734 I
1028 3672 1075 3751 14,
1098 3673 1131 3735 3;
1166 3677 1277 3736 θεῖναι
1299 3671 1336 3734 δέ
1361 3690 1442 3757 μασι
1463 3675 1516 3735 καὶ

311 3888 347 3951 in
362 3887 528 3970 Aegypto
553 3906 633 3952 eam
654 3890 788 3953 cultam
812 3907 893 3954 esse
915 3888 1138 3953 demonstrat
1161 3888 1251 3952 Plut.
1271 3888 1316 3953 de
1336 3889 1381 3954 Is.
1403 3892 1438 3953 et
1458 3886 1516 3954 Os

311 3995 428 4061 35213:
451 3993 519 4061 τῶν
541 3997 576 4061 ἐν
593 3994 815 4082 Ἔρμοοπόλει
838 3994 988 4062 Μουσῶν
1009 3994 1068 4080 τὴν
1090 3991 1251 4082 προτέραν
1268 3994 1353 4062 Ἴσον
1374 3995 1443 4079 ἅμα
1463 3999 1517 4059 καὶ

310 4102 527 4188 Δικαιοσύνην
548 4103 716 4186 καλοῦσιν;
739 4105 805 4169 Isis
828 4105 937 4186 igitur
960 4123 1040 4168 cum
1063 4106 1154 4185 Mitt
1176 4105 1212 4168 in
1235 4105 1295 4168 illa
1317 4105 1405 4168 urbe
1422 4105 1518 4168 culta

313 4213 506 4276 coniuncta
530 4217 594 4294 est,
623 4214 718 4294 quod
745 4213 854 4277 etiam
878 4214 914 4276 in
937 4213 1066 4277 litteris
1089 4213 1277 4295 Aegyptiis
1301 4213 1445 4294 saepius
1468 4213 1518 4276 in-

311 4321 464 4387 venitur.
