3334 5358
600 503 805 568 -37-

97 701 283 783 Aeginae
318 702 422 766 Faus,
441 700 507 766 VH
527 701 579 782 26,
601 702 630 783 7,
664 705 854 784 postquam
888 701 932 766 de
965 701 1140 784 Apollinis
1174 706 1307 788 templo

96 811 278 875 narravit:
317 807 526 895 Ἀσκληπιοῦ
558 811 593 874 δὲ
626 806 801 892 ἀγάλματα
836 806 927 896 ὀρθά
960 811 1049 876 ἐστιν
1081 813 1117 876 ἓν
1148 810 1218 896 νοιῷ
1253 816 1308 878 καὶ

97 917 288 1002 Σαράπιδος
320 917 457 1002 ἑτέρωθι
489 921 543 983 καὶ
574 899 708 995 ἼσιδοςΙ
727 919 827 984 λίθου
858 922 912 982 καὶ
945 921 1049 984 ταῦτα
1081 921 1307 1007 Πεντελησίου.

98 1028 310 1110 Aesculapii
330 1028 439 1110 igitur
460 1027 630 1108 templum
651 1027 701 1092 ibi
724 1030 803 1092 erat
825 1030 861 1092 et
883 1027 919 1091 in
942 1027 1013 1092 alia
1027 1032 1131 1110 parte
1148 1029 1309 1095 eiusdem

96 1136 305 1217 regionisil)
328 1136 500 1217 templum
523 1134 705 1217 Serapidis
730 1139 766 1200 et
787 1135 907 1216 Isidis3
930 1153 1047 1219 neque
1074 1154 1162 1201 vero
1184 1141 1309 1219 putan-

99 1245 182 1308 dum
218 1252 275 1309 est
296 1244 504 1326 Aesculapii
536 1247 573 1308 et
594 1242 775 1327 Serapidis
797 1245 973 1326 Isidisque
1008 1249 1146 1310 statuas
1175 1263 1245 1310 uno
1271 1247 1309 1311 in

97 1353 234 1434 templo
260 1351 371 1416 fuisse
398 1369 515 1434 neque
546 1353 684 1416 statuas
713 1353 793 1417 illas
824 1358 897 1418 tres
920 1354 958 1417 in
979 1353 1153 1436 Apollinis
1176 1355 1308 1436 templo

97 1467 136 1524 ut
157 1461 317 1526 Drexler
343 1461 439 1525 dicit.
483 1460 630 1524 Burae:
657 1460 759 1525 Paus.
776 1461 841 1525 Vll
859 1462 910 1542 25,
930 1461 965 1526 9:
993 1467 1172 1547 πεποίηται
1198 1463 1233 1526 δὲ
1254 1466 1308 1527 καὶ

93 1569 194 1634 Ἴσιδι
216 1567 312 1656 ἱερὸν.
349 1571 470 1652 Aegii
491 1587 654 1636 nummus
676 1571 721 1634 M.
735 1571 858 1635 Aureli
881 1571 1065 1652 coniungit
1088 1570 1251 1654 Serapim
1273 1575 1310 1636 et

98 1679 293 1744 Fortunam
316 1680 349 1756 (J
351 1697 424 1743 our.
441 1680 478 1743 of
491 1679 532 1743 H.
549 1683 591 1744 st.
606 1680 673 1744 VH
691 1679 757 1760 92),
780 1697 887 1762 quam
901 1680 986 1744 Isim
1008 1697 1089 1744 esse
1111 1679 1307 1744 verisimile

100 1795 164 1864 est,
188 1789 404 1869 praesertim
427 1805 509 1852 cum
531 1789 615 1853 alibi
630 1789 733 1869 Aegii
752 1787 911 1852 Fortuna
933 1806 1003 1852 non
1026 1788 1202 1852 videatur.
1238 1788 1308 1853 Ita

100 1914 170 1976 que
207 1897 317 1960 etiam
349 1915 538 1976 nummum,
571 1897 607 1960 in
642 1915 710 1979 quo
742 1896 856 1978 figura
883 1895 1041 1959 feminae
1065 1898 1250 1977 sceptrum
1273 1899 1309 1960 et

100 2023 214 2070 cornu
238 2006 364 2087 copiae
388 2009 497 2085 tenet,
519 2005 607 2069 Isidi
629 2005 793 2070 attribuo.

202 2149 355 2212 Patris:
389 2149 492 2212 Paus
509 2147 574 2212 VH
595 2150 646 2230 21,
672 2148 723 2212 13:
756 2148 792 2212 ἐν
816 2143 961 2232 Πάτραις
986 2146 1021 2210 δὲ
1046 2143 1197 2231 πρόςλτῷ
1219 2146 1311 2214 ἄλσει

99 2261 151 2320 καὶ
179 2254 250 2340 ἱερὰ
275 2254 333 2322 δύο
359 2258 427 2321 ἐστὶ
453 2254 653 2344 Σαράπιδος’
686 2256 722 2321 ἓν
743 2255 778 2320 δὲ
799 2251 844 2338 τῷ
870 2253 964 2339 ἑτέρῳ
993 2259 1172 2340 πεποίηται
1200 2259 1311 2338 μνῆμα

99 2362 276 2444 Αἰγύπτου
297 2369 354 2430 τοῦ
370 2364 488 2448 Βήλου.
523 2363 707 2445 Quomodo
723 2367 843 2428 autem
859 2363 927 2427 duo
943 2360 1133 2446 Serapides
1151 2364 1310 2430 distincti

101 2475 186 2554 sint,
230 2475 379 2538 decerni
415 2493 486 2538 non
523 2479 651 2555 potest.
710 2473 764 2536 lbi
799 2473 871 2536 iam
907 2489 1001 2534 anno
1033 2472 1103 2550 32Jt
1145 2490 1309 2537 nummus

101 2580 316 2663 Cleopatrae
336 2581 427 2661 (Cat.
443 2581 482 2645 of
495 2582 552 2646 Gr.
570 2583 680 2662 coins,
701 2581 820 2662 Pelop.
836 2580 886 2660 23,
900 2581 938 2643 14
949 2599 1000 2662 sq.
1024 2579 1117 2662 pl.V‚
1128 2579 1162 2658 9)
1179 2582 1308 2662 capitis

102 2696 267 2754 ornatum
282 2690 448 2786 isiacum·
460 2689 539 2754 fert.
573 2690 690 2754 Patris
706 2690 767 2753 illa
788 2688 906 2752 hieme
921 2689 1139 2752 Antoninum
1159 2691 1194 2752 et
1210 2687 1308 2754 Cleo-

101 2805 244 2879 patram
265 2799 476 2863 hibernasse
501 2803 537 2862 et
552 2816 597 2862 ea
619 2797 663 2861 de
687 2815 799 2862 causa
821 2816 1003 2863 nummum
1026 2799 1205 2878 signatum
1227 2817 1308 2863 esse

103 2905 265 2988 Schiller‚
289 2905 416 2972 Gesch.
441 2907 473 2971 d.
495 2907 656 2972 Kaiserz.
678 2907 694 2970 Ι
720 2907 778 2970 126
799 2906 901 2972 Anm.
924 2904 944 2970 5
968 2906 1184 2970 observavit.
1233 2969 1234 2974 ,

203 3049 264 3112 ΙΧ.
301 3048 343 3112 In
364 3047 549 3112 Laconia
577 3052 613 3113 et
633 3047 845 3112 Messenia
869 3047 974 3111 modo
1004 3065 1049 3110 ex
1071 3046 1250 3110 Pausania
1273 3049 1310 3111 et

102 3157 254 3220 nummis
291 3157 546 3238 imperatorum
587 3157 720 3221 cultum
758 3157 1007 3238 cognoscimus
1045 3158 1152 3237 atque
1173 3155 1310 3238 ¹magni

103 3267 263 3346 interest,
288 3266 382 3346 quod
404 3265 601 3328 Pausanias
625 3265 669 3328 de
694 3263 845 3346 Sparta
868 3265 955 3327 dicit
976 3263 1027 3327 ΠΙ
1052 3265 1099 3345 14,
1119 3263 1152 3328 5;
1185 3262 1310 3328 ἔστιδὲ

102 3379 155 3438 καὶ
177 3370 364 3460 Σαράπιδος
394 3371 560 3438 νεώτατον
588 3375 683 3438 τοῦτο
704 3369 926 3459 Σπαρτιάταις
955 3367 1117 3458 ἱερὸνκαὶ
1139 3368 1221 3446 Διὸς
1241 3371 1310 3436 ἐπλ-

102 3483 214 3568 ιιλησιν
242 3480 436 3564 Ὀλυμπίου.
482 3481 631 3545 Videtur
657 3479 822 3546 νεώτατον
847 3479 943 3546 τοῦτο
965 3487 1088 3563 Σπαρτ.
1113 3481 1216 3562 quasi
1244 3499 1311 3562 par

104 3591 350 3672 parenthesim
365 3609 387 3654 a
401 3590 582 3654 Pausania
605 3590 698 3653 addi.
733 3588 875 3668 Quanto
892 3595 1053 3672 tempore
1075 3595 1157 3671 post
1171 3589 1311 3671 reliqua

104 3700 190 3764 fana
204 3697 401 3781 Serapeum
424 3699 605 3762 eonditum
620 3699 676 3780 sit,
700 3699 868 3780 quamdiu
891 3703 975 3762 ante
991 3698 1216 3777 Pausaniam,
1239 3715 1310 3762 non

105 3808 279 3872 definitur.
323 3805 393 3871 Sed
415 3807 485 3871 hoc
508 3811 638 3870 tamen
655 3807 789 3872 dixeris
815 3808 1026 3889 religionem
1047 3806 1311 3888 Aegyptiacam

105 3917 214 3980 multo
237 3916 351 3980 serius
375 3914 543 3996 Spartam
563 3917 710 3979 venisse
734 3934 840 3998 quam
863 3916 1024 3980 Athenas
1049 3921 1111 3978 aut
1132 3915 1169 3978 in
1186 3913 1310 3996 Cycla

107 4025 185 4107 das,
214 4024 369 4088 fortasse
391 4023 556 4088 Romana
584 4025 725 4087 demum
752 4029 881 4090 aetate.
926 4024 1116 4088 Accedunt
1137 4023 1309 4105 reliquiae

107 4133 304 4198 sacerdotis
326 4131 467 4197 Isiacae
495 4132 594 4209 (Mitt.
617 4133 697 4196 Ath.
721 4133 754 4196 ΙΙ
776 4132 846 4196 349Ι
864 4152 897 4199 n.
920 4131 982 4211 99).

204 4405 236 4469 υ)
255 4385 301 4458 ne
320 4406 429 4476 naua
448 4405 484 4458 ef.
502 4404 687 4458 uia-alam.
706 4409 763 4470 loe,
775 4407 797 4458 o.
